%YAML 1.1
%TAG !u! tag:unity3d.com,2011:
--- !u!1 &2276223420703589220
GameObject:
  m_ObjectHideFlags: 0
  m_CorrespondingSourceObject: {fileID: 0}
  m_PrefabInstance: {fileID: 0}
  m_PrefabAsset: {fileID: 0}
  serializedVersion: 6
  m_Component:
  - component: {fileID: 1856068938408875803}
  - component: {fileID: 3596439678264411887}
  - component: {fileID: 3350566162845587319}
  m_Layer: 5
  m_Name: Text (TMP)
  m_TagString: Untagged
  m_Icon: {fileID: 0}
  m_NavMeshLayer: 0
  m_StaticEditorFlags: 0
  m_IsActive: 1
--- !u!224 &1856068938408875803
RectTransform:
  m_ObjectHideFlags: 0
  m_CorrespondingSourceObject: {fileID: 0}
  m_PrefabInstance: {fileID: 0}
  m_PrefabAsset: {fileID: 0}
  m_GameObject: {fileID: 2276223420703589220}
  m_LocalRotation: {x: 0, y: 0, z: 0, w: 1}
  m_LocalPosition: {x: 0, y: 0, z: 0}
  m_LocalScale: {x: 1, y: 1, z: 1}
  m_Children: []
  m_Father: {fileID: 7912848158296633480}
  m_RootOrder: 0
  m_LocalEulerAnglesHint: {x: 0, y: 0, z: 0}
  m_AnchorMin: {x: 0.5, y: 0.5}
  m_AnchorMax: {x: 0.5, y: 0.5}
  m_AnchoredPosition: {x: -0.000020504, y: 0.34}
  m_SizeDelta: {x: 11.00013, y: 3.948021}
  m_Pivot: {x: 0.5, y: 0.5}
--- !u!222 &3596439678264411887
CanvasRenderer:
  m_ObjectHideFlags: 0
  m_CorrespondingSourceObject: {fileID: 0}
  m_PrefabInstance: {fileID: 0}
  m_PrefabAsset: {fileID: 0}
  m_GameObject: {fileID: 2276223420703589220}
  m_CullTransparentMesh: 0
--- !u!114 &3350566162845587319
MonoBehaviour:
  m_ObjectHideFlags: 0
  m_CorrespondingSourceObject: {fileID: 0}
  m_PrefabInstance: {fileID: 0}
  m_PrefabAsset: {fileID: 0}
  m_GameObject: {fileID: 2276223420703589220}
  m_Enabled: 1
  m_EditorHideFlags: 0
  m_Script: {fileID: 11500000, guid: f4688fdb7df04437aeb418b961361dc5, type: 3}
  m_Name: 
  m_EditorClassIdentifier: 
  m_Material: {fileID: 0}
  m_Color: {r: 1, g: 1, b: 1, a: 1}
  m_RaycastTarget: 1
  m_Maskable: 1
  m_OnCullStateChanged:
    m_PersistentCalls:
      m_Calls: []
  m_text: 00
  m_isRightToLeft: 0
  m_fontAsset: {fileID: 11400000, guid: 5302535af1044152a457ed104f1f4b91, type: 2}
  m_sharedMaterial: {fileID: 2164040, guid: 5302535af1044152a457ed104f1f4b91, type: 2}
  m_fontSharedMaterials: []
  m_fontMaterial: {fileID: 0}
  m_fontMaterials: []
  m_fontColor32:
    serializedVersion: 2
    rgba: 4294967295
  m_fontColor: {r: 1, g: 1, b: 1, a: 1}
  m_enableVertexGradient: 0
  m_colorMode: 3
  m_fontColorGradient:
    topLeft: {r: 1, g: 1, b: 1, a: 1}
    topRight: {r: 1, g: 1, b: 1, a: 1}
    bottomLeft: {r: 1, g: 1, b: 1, a: 1}
    bottomRight: {r: 1, g: 1, b: 1, a: 1}
  m_fontColorGradientPreset: {fileID: 0}
  m_spriteAsset: {fileID: 0}
  m_tintAllSprites: 0
  m_overrideHtmlColors: 0
  m_faceColor:
    serializedVersion: 2
    rgba: 4294967295
  m_outlineColor:
    serializedVersion: 2
    rgba: 4278190080
  m_fontSize: 2.5
  m_fontSizeBase: 2.5
  m_fontWeight: 400
  m_enableAutoSizing: 0
  m_fontSizeMin: 18
  m_fontSizeMax: 72
  m_fontStyle: 0
  m_textAlignment: 514
  m_characterSpacing: 0
  m_wordSpacing: 0
  m_lineSpacing: 0
  m_lineSpacingMax: 0
  m_paragraphSpacing: 0
  m_charWidthMaxAdj: 0
  m_enableWordWrapping: 1
  m_wordWrappingRatios: 0.4
  m_overflowMode: 0
  m_firstOverflowCharacterIndex: -1
  m_linkedTextComponent: {fileID: 0}
  m_isLinkedTextComponent: 0
  m_isTextTruncated: 0
  m_enableKerning: 1
  m_enableExtraPadding: 0
  checkPaddingRequired: 0
  m_isRichText: 1
  m_parseCtrlCharacters: 1
  m_isOrthographic: 1
  m_isCullingEnabled: 0
  m_ignoreRectMaskCulling: 0
  m_ignoreCulling: 1
  m_horizontalMapping: 0
  m_verticalMapping: 0
  m_uvLineOffset: 0
  m_geometrySortingOrder: 0
  m_VertexBufferAutoSizeReduction: 1
  m_firstVisibleCharacter: 0
  m_useMaxVisibleDescender: 1
  m_pageToDisplay: 1
  m_margin: {x: 0, y: 0, z: 0, w: 0}
  m_textInfo:
    textComponent: {fileID: 3350566162845587319}
    characterCount: 2
    spriteCount: 0
    spaceCount: 0
    wordCount: 1
    linkCount: 0
    lineCount: 1
    pageCount: 1
    materialCount: 1
  m_isUsingLegacyAnimationComponent: 0
  m_isVolumetricText: 0
  m_spriteAnimator: {fileID: 0}
  m_hasFontAssetChanged: 0
  m_subTextObjects:
  - {fileID: 0}
  - {fileID: 0}
  - {fileID: 0}
  - {fileID: 0}
  - {fileID: 0}
  - {fileID: 0}
  - {fileID: 0}
  - {fileID: 0}
  m_baseMaterial: {fileID: 0}
  m_maskOffset: {x: 0, y: 0, z: 0, w: 0}
--- !u!1 &2376127773543676539
GameObject:
  m_ObjectHideFlags: 0
  m_CorrespondingSourceObject: {fileID: 0}
  m_PrefabInstance: {fileID: 0}
  m_PrefabAsset: {fileID: 0}
  serializedVersion: 6
  m_Component:
  - component: {fileID: 7912848158296633480}
  - component: {fileID: 4131996371617609981}
  - component: {fileID: 3093628479063599315}
  - component: {fileID: 443786611970513466}
  m_Layer: 5
  m_Name: Canvas
  m_TagString: Untagged
  m_Icon: {fileID: 0}
  m_NavMeshLayer: 0
  m_StaticEditorFlags: 0
  m_IsActive: 1
--- !u!224 &7912848158296633480
RectTransform:
  m_ObjectHideFlags: 0
  m_CorrespondingSourceObject: {fileID: 0}
  m_PrefabInstance: {fileID: 0}
  m_PrefabAsset: {fileID: 0}
  m_GameObject: {fileID: 2376127773543676539}
  m_LocalRotation: {x: -0, y: -0, z: -0, w: 1}
  m_LocalPosition: {x: 0, y: 0, z: -0.09}
  m_LocalScale: {x: 0.7638252, y: 0.7638252, z: 0.7638252}
  m_Children:
  - {fileID: 1856068938408875803}
  m_Father: {fileID: 1734722463055887872}
  m_RootOrder: 2
  m_LocalEulerAnglesHint: {x: 0, y: 0, z: 0}
  m_AnchorMin: {x: 0, y: 0}
  m_AnchorMax: {x: 0, y: 0}
  m_AnchoredPosition: {x: -0.09, y: 3.11}
  m_SizeDelta: {x: 11.000171, y: 3.9480267}
  m_Pivot: {x: 0.5, y: 0.5}
--- !u!223 &4131996371617609981
Canvas:
  m_ObjectHideFlags: 0
  m_CorrespondingSourceObject: {fileID: 0}
  m_PrefabInstance: {fileID: 0}
  m_PrefabAsset: {fileID: 0}
  m_GameObject: {fileID: 2376127773543676539}
  m_Enabled: 1
  serializedVersion: 3
  m_RenderMode: 2
  m_Camera: {fileID: 0}
  m_PlaneDistance: 100
  m_PixelPerfect: 0
  m_ReceivesEvents: 1
  m_OverrideSorting: 0
  m_OverridePixelPerfect: 0
  m_SortingBucketNormalizedSize: 0
  m_AdditionalShaderChannelsFlag: 25
  m_SortingLayerID: 0
  m_SortingOrder: 0
  m_TargetDisplay: 0
--- !u!114 &3093628479063599315
MonoBehaviour:
  m_ObjectHideFlags: 0
  m_CorrespondingSourceObject: {fileID: 0}
  m_PrefabInstance: {fileID: 0}
  m_PrefabAsset: {fileID: 0}
  m_GameObject: {fileID: 2376127773543676539}
  m_Enabled: 1
  m_EditorHideFlags: 0
  m_Script: {fileID: 11500000, guid: 0cd44c1031e13a943bb63640046fad76, type: 3}
  m_Name: 
  m_EditorClassIdentifier: 
  m_UiScaleMode: 0
  m_ReferencePixelsPerUnit: 100
  m_ScaleFactor: 1
  m_ReferenceResolution: {x: 800, y: 600}
  m_ScreenMatchMode: 0
  m_MatchWidthOrHeight: 0
  m_PhysicalUnit: 3
  m_FallbackScreenDPI: 96
  m_DefaultSpriteDPI: 96
  m_DynamicPixelsPerUnit: 1
--- !u!114 &443786611970513466
MonoBehaviour:
  m_ObjectHideFlags: 0
  m_CorrespondingSourceObject: {fileID: 0}
  m_PrefabInstance: {fileID: 0}
  m_PrefabAsset: {fileID: 0}
  m_GameObject: {fileID: 2376127773543676539}
  m_Enabled: 1
  m_EditorHideFlags: 0
  m_Script: {fileID: 11500000, guid: dc42784cf147c0c48a680349fa168899, type: 3}
  m_Name: 
  m_EditorClassIdentifier: 
  m_IgnoreReversedGraphics: 1
  m_BlockingObjects: 0
  m_BlockingMask:
    serializedVersion: 2
    m_Bits: 4294967295
--- !u!1 &5780652029456360396
GameObject:
  m_ObjectHideFlags: 0
  m_CorrespondingSourceObject: {fileID: 0}
  m_PrefabInstance: {fileID: 0}
  m_PrefabAsset: {fileID: 0}
  serializedVersion: 6
  m_Component:
  - component: {fileID: 4200543408660892972}
  m_Layer: 0
  m_Name: Smokes
  m_TagString: Untagged
  m_Icon: {fileID: 0}
  m_NavMeshLayer: 0
  m_StaticEditorFlags: 0
  m_IsActive: 0
--- !u!4 &4200543408660892972
Transform:
  m_ObjectHideFlags: 0
  m_CorrespondingSourceObject: {fileID: 0}
  m_PrefabInstance: {fileID: 0}
  m_PrefabAsset: {fileID: 0}
  m_GameObject: {fileID: 5780652029456360396}
  m_LocalRotation: {x: 0, y: 0, z: 0, w: 1}
  m_LocalPosition: {x: 0, y: 0, z: 0}
  m_LocalScale: {x: 1, y: 1, z: 1}
  m_Children:
  - {fileID: 1942168302847158946}
  m_Father: {fileID: 1734722463055887872}
  m_RootOrder: 1
  m_LocalEulerAnglesHint: {x: 0, y: 0, z: 0}
--- !u!1 &6929151043411016870
GameObject:
  m_ObjectHideFlags: 0
  m_CorrespondingSourceObject: {fileID: 0}
  m_PrefabInstance: {fileID: 0}
  m_PrefabAsset: {fileID: 0}
  serializedVersion: 6
  m_Component:
  - component: {fileID: 1734722463055887872}
  - component: {fileID: 6327426558423359855}
  - component: {fileID: 6327426558423359853}
  - component: {fileID: 6327426558423359856}
  - component: {fileID: 125858641}
  m_Layer: 0
  m_Name: ChainFence
  m_TagString: Fence
  m_Icon: {fileID: 0}
  m_NavMeshLayer: 0
  m_StaticEditorFlags: 0
  m_IsActive: 1
--- !u!4 &1734722463055887872
Transform:
  m_ObjectHideFlags: 0
  m_CorrespondingSourceObject: {fileID: 0}
  m_PrefabInstance: {fileID: 0}
  m_PrefabAsset: {fileID: 0}
  m_GameObject: {fileID: 6929151043411016870}
  m_LocalRotation: {x: 0, y: 0, z: 0, w: 1}
  m_LocalPosition: {x: -0.048086002, y: -0.16378999, z: 9.1022}
  m_LocalScale: {x: 1.3092, y: 1.3092, z: 1.3092}
  m_Children:
  - {fileID: 4604919526951907344}
  - {fileID: 4200543408660892972}
  - {fileID: 7912848158296633480}
  m_Father: {fileID: 0}
  m_RootOrder: 0
  m_LocalEulerAnglesHint: {x: 0, y: 0, z: 0}
--- !u!54 &6327426558423359855
Rigidbody:
  m_ObjectHideFlags: 0
  m_CorrespondingSourceObject: {fileID: 0}
  m_PrefabInstance: {fileID: 0}
  m_PrefabAsset: {fileID: 0}
  m_GameObject: {fileID: 6929151043411016870}
  serializedVersion: 2
  m_Mass: 1
  m_Drag: 0
  m_AngularDrag: 0.05
  m_UseGravity: 0
  m_IsKinematic: 0
  m_Interpolate: 0
  m_Constraints: 126
  m_CollisionDetection: 0
--- !u!65 &6327426558423359853
BoxCollider:
  m_ObjectHideFlags: 0
  m_CorrespondingSourceObject: {fileID: 0}
  m_PrefabInstance: {fileID: 0}
  m_PrefabAsset: {fileID: 0}
  m_GameObject: {fileID: 6929151043411016870}
  m_Material: {fileID: 0}
  m_IsTrigger: 0
  m_Enabled: 1
  serializedVersion: 2
  m_Size: {x: 14.556102, y: 2.4927576, z: 1.2487241}
  m_Center: {x: -0.3092973, y: 0.7463782, z: -0.12436194}
--- !u!114 &6327426558423359856
MonoBehaviour:
  m_ObjectHideFlags: 0
  m_CorrespondingSourceObject: {fileID: 0}
  m_PrefabInstance: {fileID: 0}
  m_PrefabAsset: {fileID: 0}
  m_GameObject: {fileID: 6929151043411016870}
  m_Enabled: 1
  m_EditorHideFlags: 0
  m_Script: {fileID: 11500000, guid: c9f0f415f9d301f49bdaa4bd78b9ac7e, type: 3}
  m_Name: 
  m_EditorClassIdentifier: 
  _fenceStrenght: 1
  zombieCounter: {fileID: 3350566162845587319}
  _smokeScreen: {fileID: 5780652029456360396}
  _fenceRattle: {fileID: 8300000, guid: 367696f3e50ebd240bcb477b764ba443, type: 3}
  _fenceFall: {fileID: 8300000, guid: 87169d77c77bef2478d8f615affb54d5, type: 3}
--- !u!95 &125858641
Animator:
  serializedVersion: 3
  m_ObjectHideFlags: 0
  m_CorrespondingSourceObject: {fileID: 0}
  m_PrefabInstance: {fileID: 0}
  m_PrefabAsset: {fileID: 0}
  m_GameObject: {fileID: 6929151043411016870}
  m_Enabled: 1
  m_Avatar: {fileID: 0}
  m_Controller: {fileID: 9100000, guid: 62aaa9645bad776419b20a5b9cf28c29, type: 2}
  m_CullingMode: 0
  m_UpdateMode: 0
  m_ApplyRootMotion: 0
  m_LinearVelocityBlending: 0
  m_WarningMessage: 
  m_HasTransformHierarchy: 1
  m_AllowConstantClipSamplingOptimization: 1
  m_KeepAnimatorControllerStateOnDisable: 0
--- !u!1001 &3046397363064432295
PrefabInstance:
  m_ObjectHideFlags: 0
  serializedVersion: 2
  m_Modification:
    m_TransformParent: {fileID: 4200543408660892972}
    m_Modifications:
    - target: {fileID: 3509726374555683141, guid: 7f45fdf5bbb90df429ca556a8eaddbde,
        type: 3}
      propertyPath: InitialModule.startSize.minScalar
      value: 1
      objectReference: {fileID: 0}
    - target: {fileID: 3509726374555683141, guid: 7f45fdf5bbb90df429ca556a8eaddbde,
        type: 3}
      propertyPath: InitialModule.startSize.scalar
      value: 1.3
      objectReference: {fileID: 0}
    - target: {fileID: 3509726374555683143, guid: 7f45fdf5bbb90df429ca556a8eaddbde,
        type: 3}
      propertyPath: InitialModule.startSize.minScalar
      value: 1
      objectReference: {fileID: 0}
    - target: {fileID: 3509726374555683143, guid: 7f45fdf5bbb90df429ca556a8eaddbde,
        type: 3}
      propertyPath: InitialModule.startSize.scalar
      value: 1.3
      objectReference: {fileID: 0}
    - target: {fileID: 3509726374555683145, guid: 7f45fdf5bbb90df429ca556a8eaddbde,
        type: 3}
      propertyPath: InitialModule.startSize.minScalar
      value: 1
      objectReference: {fileID: 0}
    - target: {fileID: 3509726374555683145, guid: 7f45fdf5bbb90df429ca556a8eaddbde,
        type: 3}
      propertyPath: InitialModule.startSize.scalar
      value: 1.1
      objectReference: {fileID: 0}
    - target: {fileID: 3509726374555683147, guid: 7f45fdf5bbb90df429ca556a8eaddbde,
        type: 3}
      propertyPath: InitialModule.startSize.minScalar
      value: 0.7
      objectReference: {fileID: 0}
    - target: {fileID: 3509726374555683147, guid: 7f45fdf5bbb90df429ca556a8eaddbde,
        type: 3}
      propertyPath: InitialModule.startSize.scalar
      value: 1
      objectReference: {fileID: 0}
    - target: {fileID: 3509726374555683149, guid: 7f45fdf5bbb90df429ca556a8eaddbde,
        type: 3}
      propertyPath: InitialModule.startSize.scalar
      value: 7
      objectReference: {fileID: 0}
    - target: {fileID: 3509726374555683151, guid: 7f45fdf5bbb90df429ca556a8eaddbde,
        type: 3}
      propertyPath: InitialModule.startSize.minScalar
      value: 2
      objectReference: {fileID: 0}
    - target: {fileID: 3509726374555683151, guid: 7f45fdf5bbb90df429ca556a8eaddbde,
        type: 3}
      propertyPath: InitialModule.startSize.scalar
      value: 2.4
      objectReference: {fileID: 0}
    - target: {fileID: 3509726374570594341, guid: 7f45fdf5bbb90df429ca556a8eaddbde,
        type: 3}
      propertyPath: m_Name
      value: SmokeExplosion
      objectReference: {fileID: 0}
    - target: {fileID: 3509726374570888197, guid: 7f45fdf5bbb90df429ca556a8eaddbde,
        type: 3}
      propertyPath: m_LocalPosition.x
      value: 0
      objectReference: {fileID: 0}
    - target: {fileID: 3509726374570888197, guid: 7f45fdf5bbb90df429ca556a8eaddbde,
        type: 3}
      propertyPath: m_LocalPosition.y
      value: 0
      objectReference: {fileID: 0}
    - target: {fileID: 3509726374570888197, guid: 7f45fdf5bbb90df429ca556a8eaddbde,
        type: 3}
      propertyPath: m_LocalPosition.z
      value: 0
      objectReference: {fileID: 0}
    - target: {fileID: 3509726374570888197, guid: 7f45fdf5bbb90df429ca556a8eaddbde,
        type: 3}
      propertyPath: m_LocalRotation.x
      value: 0.7071068
      objectReference: {fileID: 0}
    - target: {fileID: 3509726374570888197, guid: 7f45fdf5bbb90df429ca556a8eaddbde,
        type: 3}
      propertyPath: m_LocalRotation.y
      value: -0
      objectReference: {fileID: 0}
    - target: {fileID: 3509726374570888197, guid: 7f45fdf5bbb90df429ca556a8eaddbde,
        type: 3}
      propertyPath: m_LocalRotation.z
      value: -0
      objectReference: {fileID: 0}
    - target: {fileID: 3509726374570888197, guid: 7f45fdf5bbb90df429ca556a8eaddbde,
        type: 3}
      propertyPath: m_LocalRotation.w
      value: 0.7071068
      objectReference: {fileID: 0}
    - target: {fileID: 3509726374570888197, guid: 7f45fdf5bbb90df429ca556a8eaddbde,
        type: 3}
      propertyPath: m_RootOrder
      value: 0
      objectReference: {fileID: 0}
    - target: {fileID: 3509726374570888197, guid: 7f45fdf5bbb90df429ca556a8eaddbde,
        type: 3}
      propertyPath: m_LocalEulerAnglesHint.x
      value: 0
      objectReference: {fileID: 0}
    - target: {fileID: 3509726374570888197, guid: 7f45fdf5bbb90df429ca556a8eaddbde,
        type: 3}
      propertyPath: m_LocalEulerAnglesHint.y
      value: 0
      objectReference: {fileID: 0}
    - target: {fileID: 3509726374570888197, guid: 7f45fdf5bbb90df429ca556a8eaddbde,
        type: 3}
      propertyPath: m_LocalEulerAnglesHint.z
      value: 0
      objectReference: {fileID: 0}
    - target: {fileID: 3509726374570888197, guid: 7f45fdf5bbb90df429ca556a8eaddbde,
        type: 3}
      propertyPath: m_LocalScale.x
      value: 1
      objectReference: {fileID: 0}
    - target: {fileID: 3509726374570888197, guid: 7f45fdf5bbb90df429ca556a8eaddbde,
        type: 3}
      propertyPath: m_LocalScale.y
      value: 1
      objectReference: {fileID: 0}
    - target: {fileID: 3509726374570888197, guid: 7f45fdf5bbb90df429ca556a8eaddbde,
        type: 3}
      propertyPath: m_LocalScale.z
      value: 1
      objectReference: {fileID: 0}
    m_RemovedComponents: []
  m_SourcePrefab: {fileID: 100100000, guid: 7f45fdf5bbb90df429ca556a8eaddbde, type: 3}
--- !u!4 &1942168302847158946 stripped
Transform:
  m_CorrespondingSourceObject: {fileID: 3509726374570888197, guid: 7f45fdf5bbb90df429ca556a8eaddbde,
    type: 3}
  m_PrefabInstance: {fileID: 3046397363064432295}
  m_PrefabAsset: {fileID: 0}
--- !u!1001 &4605423289276361690
PrefabInstance:
  m_ObjectHideFlags: 0
  serializedVersion: 2
  m_Modification:
    m_TransformParent: {fileID: 1734722463055887872}
    m_Modifications:
    - target: {fileID: 1000011042068464, guid: 2ebdc32c603c0f74a8df3ff23c55e8e0, type: 3}
      propertyPath: m_Name
      value: chainlink_group-1
      objectReference: {fileID: 0}
    - target: {fileID: 4000013950294986, guid: 2ebdc32c603c0f74a8df3ff23c55e8e0, type: 3}
      propertyPath: m_LocalPosition.x
      value: -0.11999999
      objectReference: {fileID: 0}
    - target: {fileID: 4000013950294986, guid: 2ebdc32c603c0f74a8df3ff23c55e8e0, type: 3}
      propertyPath: m_LocalPosition.y
      value: -0.49999997
      objectReference: {fileID: 0}
    - target: {fileID: 4000013950294986, guid: 2ebdc32c603c0f74a8df3ff23c55e8e0, type: 3}
      propertyPath: m_LocalPosition.z
      value: 0
      objectReference: {fileID: 0}
    - target: {fileID: 4000013950294986, guid: 2ebdc32c603c0f74a8df3ff23c55e8e0, type: 3}
      propertyPath: m_LocalRotation.x
      value: -0
      objectReference: {fileID: 0}
    - target: {fileID: 4000013950294986, guid: 2ebdc32c603c0f74a8df3ff23c55e8e0, type: 3}
      propertyPath: m_LocalRotation.y
      value: -0
      objectReference: {fileID: 0}
    - target: {fileID: 4000013950294986, guid: 2ebdc32c603c0f74a8df3ff23c55e8e0, type: 3}
      propertyPath: m_LocalRotation.z
      value: -0
      objectReference: {fileID: 0}
    - target: {fileID: 4000013950294986, guid: 2ebdc32c603c0f74a8df3ff23c55e8e0, type: 3}
      propertyPath: m_LocalRotation.w
      value: 1
      objectReference: {fileID: 0}
    - target: {fileID: 4000013950294986, guid: 2ebdc32c603c0f74a8df3ff23c55e8e0, type: 3}
      propertyPath: m_RootOrder
      value: 0
      objectReference: {fileID: 0}
    - target: {fileID: 4000013950294986, guid: 2ebdc32c603c0f74a8df3ff23c55e8e0, type: 3}
      propertyPath: m_LocalEulerAnglesHint.x
      value: 0
      objectReference: {fileID: 0}
    - target: {fileID: 4000013950294986, guid: 2ebdc32c603c0f74a8df3ff23c55e8e0, type: 3}
      propertyPath: m_LocalEulerAnglesHint.y
      value: 0
      objectReference: {fileID: 0}
    - target: {fileID: 4000013950294986, guid: 2ebdc32c603c0f74a8df3ff23c55e8e0, type: 3}
      propertyPath: m_LocalEulerAnglesHint.z
      value: 0
      objectReference: {fileID: 0}
    - target: {fileID: 4000013950294986, guid: 2ebdc32c603c0f74a8df3ff23c55e8e0, type: 3}
      propertyPath: m_LocalScale.x
      value: 1
      objectReference: {fileID: 0}
    - target: {fileID: 4000013950294986, guid: 2ebdc32c603c0f74a8df3ff23c55e8e0, type: 3}
      propertyPath: m_LocalScale.y
      value: 1
      objectReference: {fileID: 0}
    - target: {fileID: 4000013950294986, guid: 2ebdc32c603c0f74a8df3ff23c55e8e0, type: 3}
      propertyPath: m_LocalScale.z
      value: 1
      objectReference: {fileID: 0}
    m_RemovedComponents: []
  m_SourcePrefab: {fileID: 100100000, guid: 2ebdc32c603c0f74a8df3ff23c55e8e0, type: 3}
--- !u!4 &4604919526951907344 stripped
Transform:
  m_CorrespondingSourceObject: {fileID: 4000013950294986, guid: 2ebdc32c603c0f74a8df3ff23c55e8e0,
    type: 3}
  m_PrefabInstance: {fileID: 4605423289276361690}
  m_PrefabAsset: {fileID: 0}
