%YAML 1.1
%TAG !u! tag:unity3d.com,2011:
--- !u!1 &1568948066143881661
GameObject:
  m_ObjectHideFlags: 0
  m_CorrespondingSourceObject: {fileID: 0}
  m_PrefabInstance: {fileID: 0}
  m_PrefabAsset: {fileID: 0}
  serializedVersion: 6
  m_Component:
  - component: {fileID: 1568948066143881660}
  - component: {fileID: 1568948066143881663}
  m_Layer: 0
  m_Name: SpawnPoint
  m_TagString: Untagged
  m_Icon: {fileID: 0}
  m_NavMeshLayer: 0
  m_StaticEditorFlags: 0
  m_IsActive: 1
--- !u!4 &1568948066143881660
Transform:
  m_ObjectHideFlags: 0
  m_CorrespondingSourceObject: {fileID: 0}
  m_PrefabInstance: {fileID: 0}
  m_PrefabAsset: {fileID: 0}
  m_GameObject: {fileID: 1568948066143881661}
  m_LocalRotation: {x: 0, y: 0, z: 0, w: 1}
  m_LocalPosition: {x: 0, y: 0.6, z: 0}
  m_LocalScale: {x: 1, y: 1, z: 1}
  m_Children: []
  m_Father: {fileID: 1568948066501522286}
  m_RootOrder: 0
  m_LocalEulerAnglesHint: {x: 0, y: 0, z: 0}
--- !u!114 &1568948066143881663
MonoBehaviour:
  m_ObjectHideFlags: 0
  m_CorrespondingSourceObject: {fileID: 0}
  m_PrefabInstance: {fileID: 0}
  m_PrefabAsset: {fileID: 0}
  m_GameObject: {fileID: 1568948066143881661}
  m_Enabled: 1
  m_EditorHideFlags: 0
  m_Script: {fileID: 11500000, guid: e83cbe1feaf93d6409a96d4ada575148, type: 3}
  m_Name: 
  m_EditorClassIdentifier: 
--- !u!1 &1568948066501522287
GameObject:
  m_ObjectHideFlags: 0
  m_CorrespondingSourceObject: {fileID: 0}
  m_PrefabInstance: {fileID: 0}
  m_PrefabAsset: {fileID: 0}
  serializedVersion: 6
  m_Component:
  - component: {fileID: 1568948066501522286}
  - component: {fileID: 1568948066501522272}
  - component: {fileID: 1568948066501522273}
  - component: {fileID: 1568948066501522284}
  m_Layer: 0
  m_Name: WorldSpawner
  m_TagString: Untagged
  m_Icon: {fileID: 0}
  m_NavMeshLayer: 0
  m_StaticEditorFlags: 0
  m_IsActive: 1
--- !u!4 &1568948066501522286
Transform:
  m_ObjectHideFlags: 0
  m_CorrespondingSourceObject: {fileID: 0}
  m_PrefabInstance: {fileID: 0}
  m_PrefabAsset: {fileID: 0}
  m_GameObject: {fileID: 1568948066501522287}
  m_LocalRotation: {x: -0, y: -0, z: -0, w: 1}
  m_LocalPosition: {x: 0, y: 0, z: 0}
  m_LocalScale: {x: 1, y: 1, z: 1}
  m_Children:
  - {fileID: 1568948066143881660}
  m_Father: {fileID: 0}
  m_RootOrder: 0
  m_LocalEulerAnglesHint: {x: 0, y: 0, z: 0}
--- !u!114 &1568948066501522272
MonoBehaviour:
  m_ObjectHideFlags: 0
  m_CorrespondingSourceObject: {fileID: 0}
  m_PrefabInstance: {fileID: 0}
  m_PrefabAsset: {fileID: 0}
  m_GameObject: {fileID: 1568948066501522287}
  m_Enabled: 1
  m_EditorHideFlags: 0
  m_Script: {fileID: 11500000, guid: 5c4fea2134e7df44bb174eba95d72407, type: 3}
  m_Name: 
  m_EditorClassIdentifier: 
  _prefabs:
  - {fileID: 3957055735835014700, guid: 65c7d99dfc3620c46894789d312007ef, type: 3}
  - {fileID: 3957055735835014700, guid: dcc63c867d03a2746b60d1d34968458d, type: 3}
  - {fileID: 3957055735835014700, guid: 517f8ca9372555b408f6ee064a04c325, type: 3}
  - {fileID: 3957055735835014700, guid: 96608858cfea25b48a0066dff84ca1aa, type: 3}
  - {fileID: 3957055735835014700, guid: d8e1c86a42489b3468352e6a70c3345e, type: 3}
  _parent: {fileID: 1568948066501522287}
--- !u!114 &1568948066501522273
MonoBehaviour:
  m_ObjectHideFlags: 0
  m_CorrespondingSourceObject: {fileID: 0}
  m_PrefabInstance: {fileID: 0}
  m_PrefabAsset: {fileID: 0}
  m_GameObject: {fileID: 1568948066501522287}
  m_Enabled: 1
  m_EditorHideFlags: 0
  m_Script: {fileID: 11500000, guid: a75d9ce34a8fa9543befd4817af4583b, type: 3}
  m_Name: 
  m_EditorClassIdentifier: 
  _spawnPoints: []
  _spawnRate: 5
--- !u!114 &1568948066501522284
MonoBehaviour:
  m_ObjectHideFlags: 0
  m_CorrespondingSourceObject: {fileID: 0}
  m_PrefabInstance: {fileID: 0}
  m_PrefabAsset: {fileID: 0}
  m_GameObject: {fileID: 1568948066501522287}
  m_Enabled: 1
  m_EditorHideFlags: 0
  m_Script: {fileID: 11500000, guid: ddee007b1aa52ef4ebef77060f2ceb7b, type: 3}
  m_Name: 
  m_EditorClassIdentifier: 
  initialPresetSize: 2
