%YAML 1.1
%TAG !u! tag:unity3d.com,2011:
--- !u!1 &2464585305749255076
GameObject:
  m_ObjectHideFlags: 0
  m_CorrespondingSourceObject: {fileID: 0}
  m_PrefabInstance: {fileID: 0}
  m_PrefabAsset: {fileID: 0}
  serializedVersion: 6
  m_Component:
  - component: {fileID: 2464585305749255096}
  - component: {fileID: 2464585305749255097}
  - component: {fileID: 2464585305749255098}
  - component: {fileID: 2464585305749255099}
  - component: {fileID: 2464585305749255103}
  m_Layer: 8
  m_Name: Zombie_Cell 4
  m_TagString: Untagged
  m_Icon: {fileID: 0}
  m_NavMeshLayer: 0
  m_StaticEditorFlags: 0
  m_IsActive: 1
--- !u!4 &2464585305749255096
Transform:
  m_ObjectHideFlags: 0
  m_CorrespondingSourceObject: {fileID: 0}
  m_PrefabInstance: {fileID: 0}
  m_PrefabAsset: {fileID: 0}
  m_GameObject: {fileID: 2464585305749255076}
  m_LocalRotation: {x: 0, y: 0, z: 0, w: 1}
  m_LocalPosition: {x: 0, y: -2.66, z: -4.18}
  m_LocalScale: {x: 1.1547267, y: 1.1547271, z: 1.1547267}
  m_Children:
  - {fileID: 1750472799992219510}
  m_Father: {fileID: 0}
  m_RootOrder: 0
  m_LocalEulerAnglesHint: {x: 0, y: 0, z: 0}
--- !u!33 &2464585305749255097
MeshFilter:
  m_ObjectHideFlags: 0
  m_CorrespondingSourceObject: {fileID: 0}
  m_PrefabInstance: {fileID: 0}
  m_PrefabAsset: {fileID: 0}
  m_GameObject: {fileID: 2464585305749255076}
  m_Mesh: {fileID: 10208, guid: 0000000000000000e000000000000000, type: 0}
--- !u!23 &2464585305749255098
MeshRenderer:
  m_ObjectHideFlags: 0
  m_CorrespondingSourceObject: {fileID: 0}
  m_PrefabInstance: {fileID: 0}
  m_PrefabAsset: {fileID: 0}
  m_GameObject: {fileID: 2464585305749255076}
  m_Enabled: 0
  m_CastShadows: 1
  m_ReceiveShadows: 1
  m_DynamicOccludee: 1
  m_MotionVectors: 1
  m_LightProbeUsage: 1
  m_ReflectionProbeUsage: 1
  m_RayTracingMode: 2
  m_RenderingLayerMask: 1
  m_RendererPriority: 0
  m_Materials:
  - {fileID: 10303, guid: 0000000000000000f000000000000000, type: 0}
  m_StaticBatchInfo:
    firstSubMesh: 0
    subMeshCount: 0
  m_StaticBatchRoot: {fileID: 0}
  m_ProbeAnchor: {fileID: 0}
  m_LightProbeVolumeOverride: {fileID: 0}
  m_ScaleInLightmap: 1
  m_ReceiveGI: 1
  m_PreserveUVs: 0
  m_IgnoreNormalsForChartDetection: 0
  m_ImportantGI: 0
  m_StitchLightmapSeams: 1
  m_SelectedEditorRenderState: 3
  m_MinimumChartSize: 4
  m_AutoUVMaxDistance: 0.5
  m_AutoUVMaxAngle: 89
  m_LightmapParameters: {fileID: 0}
  m_SortingLayerID: 0
  m_SortingLayer: 0
  m_SortingOrder: 0
--- !u!136 &2464585305749255099
CapsuleCollider:
  m_ObjectHideFlags: 0
  m_CorrespondingSourceObject: {fileID: 0}
  m_PrefabInstance: {fileID: 0}
  m_PrefabAsset: {fileID: 0}
  m_GameObject: {fileID: 2464585305749255076}
  m_Material: {fileID: 0}
  m_IsTrigger: 0
  m_Enabled: 1
  m_Radius: 0.5
  m_Height: 2
  m_Direction: 1
  m_Center: {x: 0, y: 0, z: 0}
--- !u!114 &2464585305749255103
MonoBehaviour:
  m_ObjectHideFlags: 0
  m_CorrespondingSourceObject: {fileID: 0}
  m_PrefabInstance: {fileID: 0}
  m_PrefabAsset: {fileID: 0}
  m_GameObject: {fileID: 2464585305749255076}
  m_Enabled: 1
  m_EditorHideFlags: 0
  m_Script: {fileID: 11500000, guid: a8a2a992e157e1843a3cb8333a61429a, type: 3}
  m_Name: 
  m_EditorClassIdentifier: 
  myPosition: {x: 0, y: 0, z: 0}
--- !u!114 &2129982292
MonoBehaviour:
  m_ObjectHideFlags: 0
  m_CorrespondingSourceObject: {fileID: 0}
  m_PrefabInstance: {fileID: 0}
  m_PrefabAsset: {fileID: 0}
  m_GameObject: {fileID: 3813072651989066603}
  m_Enabled: 1
  m_EditorHideFlags: 0
  m_Script: {fileID: 11500000, guid: 0c67e3107f8bab1449badc93761b41df, type: 3}
  m_Name: 
  m_EditorClassIdentifier: 
  anim: {fileID: 0}
--- !u!114 &867901012
MonoBehaviour:
  m_ObjectHideFlags: 0
  m_CorrespondingSourceObject: {fileID: 0}
  m_PrefabInstance: {fileID: 0}
  m_PrefabAsset: {fileID: 0}
  m_GameObject: {fileID: 4227448171087828077}
  m_Enabled: 1
  m_EditorHideFlags: 0
  m_Script: {fileID: 11500000, guid: cabc2603ba8f0034984c2dc3fd53ac5a, type: 3}
  m_Name: 
  m_EditorClassIdentifier: 
--- !u!1001 &6757122606288565135
PrefabInstance:
  m_ObjectHideFlags: 0
  serializedVersion: 2
  m_Modification:
    m_TransformParent: {fileID: 2464585305749255096}
    m_Modifications:
    - target: {fileID: 328917447277579695, guid: cf53ba2fe3c93374a89657a0aa676f78,
        type: 3}
      propertyPath: Screams
      value: 1
      objectReference: {fileID: 0}
    - target: {fileID: 1613769705946463769, guid: cf53ba2fe3c93374a89657a0aa676f78,
        type: 3}
      propertyPath: m_Name
      value: Coat_Female
      objectReference: {fileID: 0}
    - target: {fileID: 1613769705946463769, guid: cf53ba2fe3c93374a89657a0aa676f78,
        type: 3}
      propertyPath: m_Layer
      value: 8
      objectReference: {fileID: 0}
    - target: {fileID: 5011647155900937465, guid: cf53ba2fe3c93374a89657a0aa676f78,
        type: 3}
      propertyPath: m_LocalPosition.x
      value: 0
      objectReference: {fileID: 0}
    - target: {fileID: 5011647155900937465, guid: cf53ba2fe3c93374a89657a0aa676f78,
        type: 3}
      propertyPath: m_LocalPosition.y
      value: 0
      objectReference: {fileID: 0}
    - target: {fileID: 5011647155900937465, guid: cf53ba2fe3c93374a89657a0aa676f78,
        type: 3}
      propertyPath: m_LocalPosition.z
      value: 0
      objectReference: {fileID: 0}
    - target: {fileID: 5011647155900937465, guid: cf53ba2fe3c93374a89657a0aa676f78,
        type: 3}
      propertyPath: m_LocalRotation.x
      value: 0
      objectReference: {fileID: 0}
    - target: {fileID: 5011647155900937465, guid: cf53ba2fe3c93374a89657a0aa676f78,
        type: 3}
      propertyPath: m_LocalRotation.y
      value: 0
      objectReference: {fileID: 0}
    - target: {fileID: 5011647155900937465, guid: cf53ba2fe3c93374a89657a0aa676f78,
        type: 3}
      propertyPath: m_LocalRotation.z
      value: 0
      objectReference: {fileID: 0}
    - target: {fileID: 5011647155900937465, guid: cf53ba2fe3c93374a89657a0aa676f78,
        type: 3}
      propertyPath: m_LocalRotation.w
      value: 1
      objectReference: {fileID: 0}
    - target: {fileID: 5011647155900937465, guid: cf53ba2fe3c93374a89657a0aa676f78,
        type: 3}
      propertyPath: m_RootOrder
      value: 0
      objectReference: {fileID: 0}
    - target: {fileID: 5011647155900937465, guid: cf53ba2fe3c93374a89657a0aa676f78,
        type: 3}
      propertyPath: m_LocalEulerAnglesHint.x
      value: 0
      objectReference: {fileID: 0}
    - target: {fileID: 5011647155900937465, guid: cf53ba2fe3c93374a89657a0aa676f78,
        type: 3}
      propertyPath: m_LocalEulerAnglesHint.y
      value: 0
      objectReference: {fileID: 0}
    - target: {fileID: 5011647155900937465, guid: cf53ba2fe3c93374a89657a0aa676f78,
        type: 3}
      propertyPath: m_LocalEulerAnglesHint.z
      value: 0
      objectReference: {fileID: 0}
    - target: {fileID: 7452602526346792662, guid: cf53ba2fe3c93374a89657a0aa676f78,
        type: 3}
      propertyPath: m_ApplyRootMotion
      value: 1
      objectReference: {fileID: 0}
    - target: {fileID: 7452602526353995662, guid: cf53ba2fe3c93374a89657a0aa676f78,
        type: 3}
      propertyPath: m_LocalRotation.y
      value: -1
      objectReference: {fileID: 0}
    - target: {fileID: 7452602526353995662, guid: cf53ba2fe3c93374a89657a0aa676f78,
        type: 3}
      propertyPath: m_LocalRotation.w
      value: 0
      objectReference: {fileID: 0}
    - target: {fileID: 7452602526353995662, guid: cf53ba2fe3c93374a89657a0aa676f78,
        type: 3}
      propertyPath: m_LocalEulerAnglesHint.y
      value: -180
      objectReference: {fileID: 0}
    - target: {fileID: 7452602526354149624, guid: cf53ba2fe3c93374a89657a0aa676f78,
        type: 3}
      propertyPath: m_Layer
      value: 8
      objectReference: {fileID: 0}
    - target: {fileID: 7452602526354150324, guid: cf53ba2fe3c93374a89657a0aa676f78,
        type: 3}
      propertyPath: m_Layer
      value: 8
      objectReference: {fileID: 0}
    - target: {fileID: 7452602526354150958, guid: cf53ba2fe3c93374a89657a0aa676f78,
        type: 3}
      propertyPath: m_Layer
      value: 8
      objectReference: {fileID: 0}
    - target: {fileID: 7452602526354153840, guid: cf53ba2fe3c93374a89657a0aa676f78,
        type: 3}
      propertyPath: m_Layer
      value: 8
      objectReference: {fileID: 0}
    - target: {fileID: 7452602526354157268, guid: cf53ba2fe3c93374a89657a0aa676f78,
        type: 3}
      propertyPath: m_Layer
      value: 8
      objectReference: {fileID: 0}
    - target: {fileID: 7452602526354157814, guid: cf53ba2fe3c93374a89657a0aa676f78,
        type: 3}
      propertyPath: m_Layer
      value: 8
      objectReference: {fileID: 0}
    - target: {fileID: 7452602526354159308, guid: cf53ba2fe3c93374a89657a0aa676f78,
        type: 3}
      propertyPath: m_Layer
      value: 8
      objectReference: {fileID: 0}
    - target: {fileID: 7452602526354163220, guid: cf53ba2fe3c93374a89657a0aa676f78,
        type: 3}
      propertyPath: m_Layer
      value: 8
      objectReference: {fileID: 0}
    - target: {fileID: 7452602526354164832, guid: cf53ba2fe3c93374a89657a0aa676f78,
        type: 3}
      propertyPath: m_Layer
      value: 8
      objectReference: {fileID: 0}
    - target: {fileID: 7452602526354166224, guid: cf53ba2fe3c93374a89657a0aa676f78,
        type: 3}
      propertyPath: m_Layer
      value: 8
      objectReference: {fileID: 0}
    - target: {fileID: 7452602526354166630, guid: cf53ba2fe3c93374a89657a0aa676f78,
        type: 3}
      propertyPath: m_Layer
      value: 8
      objectReference: {fileID: 0}
    - target: {fileID: 7452602526354168562, guid: cf53ba2fe3c93374a89657a0aa676f78,
        type: 3}
      propertyPath: m_Layer
      value: 8
      objectReference: {fileID: 0}
    - target: {fileID: 7452602526354168988, guid: cf53ba2fe3c93374a89657a0aa676f78,
        type: 3}
      propertyPath: m_Layer
      value: 8
      objectReference: {fileID: 0}
    - target: {fileID: 7452602526354173004, guid: cf53ba2fe3c93374a89657a0aa676f78,
        type: 3}
      propertyPath: m_Layer
      value: 8
      objectReference: {fileID: 0}
    - target: {fileID: 7452602526354175348, guid: cf53ba2fe3c93374a89657a0aa676f78,
        type: 3}
      propertyPath: m_Layer
      value: 8
      objectReference: {fileID: 0}
    - target: {fileID: 7452602526354175640, guid: cf53ba2fe3c93374a89657a0aa676f78,
        type: 3}
      propertyPath: m_Layer
      value: 8
      objectReference: {fileID: 0}
    - target: {fileID: 7452602526354175708, guid: cf53ba2fe3c93374a89657a0aa676f78,
        type: 3}
      propertyPath: m_Layer
      value: 8
      objectReference: {fileID: 0}
    - target: {fileID: 7452602526354176176, guid: cf53ba2fe3c93374a89657a0aa676f78,
        type: 3}
      propertyPath: m_Layer
      value: 8
      objectReference: {fileID: 0}
    - target: {fileID: 7452602526354177294, guid: cf53ba2fe3c93374a89657a0aa676f78,
        type: 3}
      propertyPath: m_Layer
      value: 8
      objectReference: {fileID: 0}
    - target: {fileID: 7452602526354254300, guid: cf53ba2fe3c93374a89657a0aa676f78,
        type: 3}
      propertyPath: m_Layer
      value: 8
      objectReference: {fileID: 0}
    - target: {fileID: 7452602526354310432, guid: cf53ba2fe3c93374a89657a0aa676f78,
        type: 3}
      propertyPath: m_Layer
      value: 8
      objectReference: {fileID: 0}
    - target: {fileID: 7452602526354311374, guid: cf53ba2fe3c93374a89657a0aa676f78,
        type: 3}
      propertyPath: m_Layer
      value: 8
      objectReference: {fileID: 0}
    - target: {fileID: 7452602526354311848, guid: cf53ba2fe3c93374a89657a0aa676f78,
        type: 3}
      propertyPath: m_Layer
      value: 8
      objectReference: {fileID: 0}
    - target: {fileID: 7452602526354313276, guid: cf53ba2fe3c93374a89657a0aa676f78,
        type: 3}
      propertyPath: m_Layer
      value: 8
      objectReference: {fileID: 0}
    - target: {fileID: 7452602526354314838, guid: cf53ba2fe3c93374a89657a0aa676f78,
        type: 3}
      propertyPath: m_Layer
      value: 8
      objectReference: {fileID: 0}
    - target: {fileID: 7452602526354315156, guid: cf53ba2fe3c93374a89657a0aa676f78,
        type: 3}
      propertyPath: m_Layer
      value: 8
      objectReference: {fileID: 0}
    - target: {fileID: 7452602526354316456, guid: cf53ba2fe3c93374a89657a0aa676f78,
        type: 3}
      propertyPath: m_Layer
      value: 8
      objectReference: {fileID: 0}
    - target: {fileID: 7452602526354321036, guid: cf53ba2fe3c93374a89657a0aa676f78,
        type: 3}
      propertyPath: m_Layer
      value: 8
      objectReference: {fileID: 0}
    - target: {fileID: 7452602526354321236, guid: cf53ba2fe3c93374a89657a0aa676f78,
        type: 3}
      propertyPath: m_Layer
      value: 8
      objectReference: {fileID: 0}
    - target: {fileID: 7452602526354321546, guid: cf53ba2fe3c93374a89657a0aa676f78,
        type: 3}
      propertyPath: m_Layer
      value: 8
      objectReference: {fileID: 0}
    - target: {fileID: 7452602526354322796, guid: cf53ba2fe3c93374a89657a0aa676f78,
        type: 3}
      propertyPath: m_Layer
      value: 8
      objectReference: {fileID: 0}
    - target: {fileID: 7452602526354323786, guid: cf53ba2fe3c93374a89657a0aa676f78,
        type: 3}
      propertyPath: m_Layer
      value: 8
      objectReference: {fileID: 0}
    - target: {fileID: 7452602526354324490, guid: cf53ba2fe3c93374a89657a0aa676f78,
        type: 3}
      propertyPath: m_Layer
      value: 8
      objectReference: {fileID: 0}
    - target: {fileID: 7452602526354326516, guid: cf53ba2fe3c93374a89657a0aa676f78,
        type: 3}
      propertyPath: m_Layer
      value: 8
      objectReference: {fileID: 0}
    - target: {fileID: 7452602526354326548, guid: cf53ba2fe3c93374a89657a0aa676f78,
        type: 3}
      propertyPath: m_Layer
      value: 8
      objectReference: {fileID: 0}
    - target: {fileID: 7452602526354328190, guid: cf53ba2fe3c93374a89657a0aa676f78,
        type: 3}
      propertyPath: m_Layer
      value: 8
      objectReference: {fileID: 0}
    - target: {fileID: 7452602526354329032, guid: cf53ba2fe3c93374a89657a0aa676f78,
        type: 3}
      propertyPath: m_Layer
      value: 8
      objectReference: {fileID: 0}
    - target: {fileID: 7452602526354329118, guid: cf53ba2fe3c93374a89657a0aa676f78,
        type: 3}
      propertyPath: m_Layer
      value: 8
      objectReference: {fileID: 0}
    - target: {fileID: 7452602526354329812, guid: cf53ba2fe3c93374a89657a0aa676f78,
        type: 3}
      propertyPath: m_Layer
      value: 8
      objectReference: {fileID: 0}
    - target: {fileID: 7452602526354332212, guid: cf53ba2fe3c93374a89657a0aa676f78,
        type: 3}
      propertyPath: m_Layer
      value: 8
      objectReference: {fileID: 0}
    - target: {fileID: 7452602526354333728, guid: cf53ba2fe3c93374a89657a0aa676f78,
        type: 3}
      propertyPath: m_Layer
      value: 8
      objectReference: {fileID: 0}
    - target: {fileID: 7452602526354335502, guid: cf53ba2fe3c93374a89657a0aa676f78,
        type: 3}
      propertyPath: m_Layer
      value: 8
      objectReference: {fileID: 0}
    - target: {fileID: 7452602526354336334, guid: cf53ba2fe3c93374a89657a0aa676f78,
        type: 3}
      propertyPath: m_Layer
      value: 8
      objectReference: {fileID: 0}
    - target: {fileID: 7452602526354338948, guid: cf53ba2fe3c93374a89657a0aa676f78,
        type: 3}
      propertyPath: m_Layer
      value: 8
      objectReference: {fileID: 0}
    - target: {fileID: 7452602526354339576, guid: cf53ba2fe3c93374a89657a0aa676f78,
        type: 3}
      propertyPath: m_Layer
      value: 8
      objectReference: {fileID: 0}
    - target: {fileID: 7452602526354340320, guid: cf53ba2fe3c93374a89657a0aa676f78,
        type: 3}
      propertyPath: m_Layer
      value: 8
      objectReference: {fileID: 0}
    - target: {fileID: 7452602526354342366, guid: cf53ba2fe3c93374a89657a0aa676f78,
        type: 3}
      propertyPath: m_Layer
      value: 8
      objectReference: {fileID: 0}
    - target: {fileID: 7452602526354351920, guid: cf53ba2fe3c93374a89657a0aa676f78,
        type: 3}
      propertyPath: m_Layer
      value: 8
      objectReference: {fileID: 0}
    - target: {fileID: 7452602526354352608, guid: cf53ba2fe3c93374a89657a0aa676f78,
        type: 3}
      propertyPath: m_Layer
      value: 8
      objectReference: {fileID: 0}
    - target: {fileID: 7452602526354355316, guid: cf53ba2fe3c93374a89657a0aa676f78,
        type: 3}
      propertyPath: m_Layer
      value: 8
      objectReference: {fileID: 0}
    - target: {fileID: 7452602526354356184, guid: cf53ba2fe3c93374a89657a0aa676f78,
        type: 3}
      propertyPath: m_Layer
      value: 8
      objectReference: {fileID: 0}
    - target: {fileID: 7452602526354362864, guid: cf53ba2fe3c93374a89657a0aa676f78,
        type: 3}
      propertyPath: m_Layer
      value: 8
      objectReference: {fileID: 0}
    - target: {fileID: 7452602526354362968, guid: cf53ba2fe3c93374a89657a0aa676f78,
        type: 3}
      propertyPath: m_Layer
      value: 8
      objectReference: {fileID: 0}
    - target: {fileID: 7452602526354366342, guid: cf53ba2fe3c93374a89657a0aa676f78,
        type: 3}
      propertyPath: m_Layer
      value: 8
      objectReference: {fileID: 0}
    - target: {fileID: 7452602526354368440, guid: cf53ba2fe3c93374a89657a0aa676f78,
        type: 3}
      propertyPath: m_Layer
      value: 8
      objectReference: {fileID: 0}
    - target: {fileID: 7452602526354368482, guid: cf53ba2fe3c93374a89657a0aa676f78,
        type: 3}
      propertyPath: m_Layer
      value: 8
      objectReference: {fileID: 0}
    - target: {fileID: 7452602526354371090, guid: cf53ba2fe3c93374a89657a0aa676f78,
        type: 3}
      propertyPath: m_Layer
      value: 8
      objectReference: {fileID: 0}
    - target: {fileID: 7452602526354371308, guid: cf53ba2fe3c93374a89657a0aa676f78,
        type: 3}
      propertyPath: m_Layer
      value: 8
      objectReference: {fileID: 0}
    - target: {fileID: 7452602526354373714, guid: cf53ba2fe3c93374a89657a0aa676f78,
        type: 3}
      propertyPath: m_Layer
      value: 8
      objectReference: {fileID: 0}
    - target: {fileID: 7577762808923841858, guid: cf53ba2fe3c93374a89657a0aa676f78,
        type: 3}
      propertyPath: m_Layer
      value: 8
      objectReference: {fileID: 0}
    - target: {fileID: 7577762897729398360, guid: cf53ba2fe3c93374a89657a0aa676f78,
        type: 3}
      propertyPath: m_Layer
      value: 8
      objectReference: {fileID: 0}
    - target: {fileID: 7577779226428322360, guid: cf53ba2fe3c93374a89657a0aa676f78,
        type: 3}
      propertyPath: m_Layer
      value: 8
      objectReference: {fileID: 0}
    - target: {fileID: 7577783228582854022, guid: cf53ba2fe3c93374a89657a0aa676f78,
        type: 3}
      propertyPath: m_Layer
      value: 8
      objectReference: {fileID: 0}
    - target: {fileID: 7577783636798807962, guid: cf53ba2fe3c93374a89657a0aa676f78,
        type: 3}
      propertyPath: m_Layer
      value: 8
      objectReference: {fileID: 0}
    - target: {fileID: 7577786467259879912, guid: cf53ba2fe3c93374a89657a0aa676f78,
        type: 3}
      propertyPath: m_Layer
      value: 8
      objectReference: {fileID: 0}
    - target: {fileID: 7577817336312486598, guid: cf53ba2fe3c93374a89657a0aa676f78,
        type: 3}
      propertyPath: m_Layer
      value: 8
      objectReference: {fileID: 0}
    - target: {fileID: 7577841313000282610, guid: cf53ba2fe3c93374a89657a0aa676f78,
        type: 3}
      propertyPath: m_Layer
      value: 8
      objectReference: {fileID: 0}
    - target: {fileID: 7577845200653564536, guid: cf53ba2fe3c93374a89657a0aa676f78,
        type: 3}
      propertyPath: m_Layer
      value: 8
      objectReference: {fileID: 0}
    - target: {fileID: 7577858047588255740, guid: cf53ba2fe3c93374a89657a0aa676f78,
        type: 3}
      propertyPath: m_Layer
      value: 8
      objectReference: {fileID: 0}
    - target: {fileID: 7577866073432153262, guid: cf53ba2fe3c93374a89657a0aa676f78,
        type: 3}
      propertyPath: m_Layer
      value: 8
      objectReference: {fileID: 0}
    - target: {fileID: 7578444258389995816, guid: cf53ba2fe3c93374a89657a0aa676f78,
        type: 3}
      propertyPath: m_Layer
      value: 8
      objectReference: {fileID: 0}
    - target: {fileID: 7578444668010180252, guid: cf53ba2fe3c93374a89657a0aa676f78,
        type: 3}
      propertyPath: m_Layer
      value: 8
      objectReference: {fileID: 0}
    - target: {fileID: 7578447198761260434, guid: cf53ba2fe3c93374a89657a0aa676f78,
        type: 3}
      propertyPath: m_Layer
      value: 8
      objectReference: {fileID: 0}
    - target: {fileID: 7578447939842512108, guid: cf53ba2fe3c93374a89657a0aa676f78,
        type: 3}
      propertyPath: m_Layer
      value: 8
      objectReference: {fileID: 0}
    - target: {fileID: 7578451939367190564, guid: cf53ba2fe3c93374a89657a0aa676f78,
        type: 3}
      propertyPath: m_Layer
      value: 8
      objectReference: {fileID: 0}
    - target: {fileID: 7578456565591899994, guid: cf53ba2fe3c93374a89657a0aa676f78,
        type: 3}
      propertyPath: m_Layer
      value: 8
      objectReference: {fileID: 0}
    - target: {fileID: 7578477531941584422, guid: cf53ba2fe3c93374a89657a0aa676f78,
        type: 3}
      propertyPath: m_Layer
      value: 8
      objectReference: {fileID: 0}
    - target: {fileID: 7578478576799383818, guid: cf53ba2fe3c93374a89657a0aa676f78,
        type: 3}
      propertyPath: m_Layer
      value: 8
      objectReference: {fileID: 0}
    - target: {fileID: 7578488675169728396, guid: cf53ba2fe3c93374a89657a0aa676f78,
        type: 3}
      propertyPath: m_Layer
      value: 8
      objectReference: {fileID: 0}
    - target: {fileID: 7578489545789985962, guid: cf53ba2fe3c93374a89657a0aa676f78,
        type: 3}
      propertyPath: m_Layer
      value: 8
      objectReference: {fileID: 0}
    - target: {fileID: 7578500808720191142, guid: cf53ba2fe3c93374a89657a0aa676f78,
        type: 3}
      propertyPath: m_Layer
      value: 8
      objectReference: {fileID: 0}
    - target: {fileID: 7578507030851155318, guid: cf53ba2fe3c93374a89657a0aa676f78,
        type: 3}
      propertyPath: m_Layer
      value: 8
      objectReference: {fileID: 0}
    - target: {fileID: 7578511115935877594, guid: cf53ba2fe3c93374a89657a0aa676f78,
        type: 3}
      propertyPath: m_Layer
      value: 8
      objectReference: {fileID: 0}
    - target: {fileID: 7578516112246749332, guid: cf53ba2fe3c93374a89657a0aa676f78,
        type: 3}
      propertyPath: m_Layer
      value: 8
      objectReference: {fileID: 0}
    - target: {fileID: 7578537506349461534, guid: cf53ba2fe3c93374a89657a0aa676f78,
        type: 3}
      propertyPath: m_Layer
      value: 8
      objectReference: {fileID: 0}
    - target: {fileID: 7578539900653639086, guid: cf53ba2fe3c93374a89657a0aa676f78,
        type: 3}
      propertyPath: m_Layer
      value: 8
      objectReference: {fileID: 0}
    - target: {fileID: 7578541818093509802, guid: cf53ba2fe3c93374a89657a0aa676f78,
        type: 3}
      propertyPath: m_Layer
      value: 8
      objectReference: {fileID: 0}
    - target: {fileID: 7578557305630057496, guid: cf53ba2fe3c93374a89657a0aa676f78,
        type: 3}
      propertyPath: m_Layer
      value: 8
      objectReference: {fileID: 0}
    - target: {fileID: 7578557865253924198, guid: cf53ba2fe3c93374a89657a0aa676f78,
        type: 3}
      propertyPath: m_Layer
      value: 8
      objectReference: {fileID: 0}
    - target: {fileID: 7578561590563264372, guid: cf53ba2fe3c93374a89657a0aa676f78,
        type: 3}
      propertyPath: m_Layer
      value: 8
      objectReference: {fileID: 0}
    - target: {fileID: 7578562043297285630, guid: cf53ba2fe3c93374a89657a0aa676f78,
        type: 3}
      propertyPath: m_Layer
      value: 8
      objectReference: {fileID: 0}
    - target: {fileID: 7578567234977584340, guid: cf53ba2fe3c93374a89657a0aa676f78,
        type: 3}
      propertyPath: m_Layer
      value: 8
      objectReference: {fileID: 0}
    - target: {fileID: 7578584747805189454, guid: cf53ba2fe3c93374a89657a0aa676f78,
        type: 3}
      propertyPath: m_Layer
      value: 8
      objectReference: {fileID: 0}
    - target: {fileID: 7578629997086275176, guid: cf53ba2fe3c93374a89657a0aa676f78,
        type: 3}
      propertyPath: m_Layer
      value: 8
      objectReference: {fileID: 0}
    - target: {fileID: 7578633706091676474, guid: cf53ba2fe3c93374a89657a0aa676f78,
        type: 3}
      propertyPath: m_Layer
      value: 8
      objectReference: {fileID: 0}
    - target: {fileID: 7578641489889680054, guid: cf53ba2fe3c93374a89657a0aa676f78,
        type: 3}
      propertyPath: m_Layer
      value: 8
      objectReference: {fileID: 0}
    - target: {fileID: 7578648618681722760, guid: cf53ba2fe3c93374a89657a0aa676f78,
        type: 3}
      propertyPath: m_Layer
      value: 8
      objectReference: {fileID: 0}
    - target: {fileID: 7578650542018824340, guid: cf53ba2fe3c93374a89657a0aa676f78,
        type: 3}
      propertyPath: m_Layer
      value: 8
      objectReference: {fileID: 0}
    - target: {fileID: 7578665127137929718, guid: cf53ba2fe3c93374a89657a0aa676f78,
        type: 3}
      propertyPath: m_Layer
      value: 8
      objectReference: {fileID: 0}
    - target: {fileID: 7578676821802602724, guid: cf53ba2fe3c93374a89657a0aa676f78,
        type: 3}
      propertyPath: m_Layer
      value: 8
      objectReference: {fileID: 0}
    - target: {fileID: 7578704196387993576, guid: cf53ba2fe3c93374a89657a0aa676f78,
        type: 3}
      propertyPath: m_Layer
      value: 8
      objectReference: {fileID: 0}
    - target: {fileID: 7578753976571698878, guid: cf53ba2fe3c93374a89657a0aa676f78,
        type: 3}
      propertyPath: m_Layer
      value: 8
      objectReference: {fileID: 0}
    - target: {fileID: 7578754499386446258, guid: cf53ba2fe3c93374a89657a0aa676f78,
        type: 3}
      propertyPath: m_Layer
      value: 8
      objectReference: {fileID: 0}
    - target: {fileID: 7578759208011134644, guid: cf53ba2fe3c93374a89657a0aa676f78,
        type: 3}
      propertyPath: m_Layer
      value: 8
      objectReference: {fileID: 0}
    - target: {fileID: 7578760047029306758, guid: cf53ba2fe3c93374a89657a0aa676f78,
        type: 3}
      propertyPath: m_Layer
      value: 8
      objectReference: {fileID: 0}
    - target: {fileID: 7578771749869094994, guid: cf53ba2fe3c93374a89657a0aa676f78,
        type: 3}
      propertyPath: m_Layer
      value: 8
      objectReference: {fileID: 0}
    - target: {fileID: 7579000220706456750, guid: cf53ba2fe3c93374a89657a0aa676f78,
        type: 3}
      propertyPath: m_Layer
      value: 8
      objectReference: {fileID: 0}
    - target: {fileID: 7579033700024008622, guid: cf53ba2fe3c93374a89657a0aa676f78,
        type: 3}
      propertyPath: m_Layer
      value: 8
      objectReference: {fileID: 0}
    - target: {fileID: 7579054760621053736, guid: cf53ba2fe3c93374a89657a0aa676f78,
        type: 3}
      propertyPath: m_Layer
      value: 8
      objectReference: {fileID: 0}
    - target: {fileID: 7579059775018796470, guid: cf53ba2fe3c93374a89657a0aa676f78,
        type: 3}
      propertyPath: m_Layer
      value: 8
      objectReference: {fileID: 0}
    - target: {fileID: 7579063342657688084, guid: cf53ba2fe3c93374a89657a0aa676f78,
        type: 3}
      propertyPath: m_Layer
      value: 8
      objectReference: {fileID: 0}
    - target: {fileID: 7579066184292834370, guid: cf53ba2fe3c93374a89657a0aa676f78,
        type: 3}
      propertyPath: m_Layer
      value: 8
      objectReference: {fileID: 0}
    - target: {fileID: 7579072478735199754, guid: cf53ba2fe3c93374a89657a0aa676f78,
        type: 3}
      propertyPath: m_Layer
      value: 8
      objectReference: {fileID: 0}
    - target: {fileID: 7579081671297775074, guid: cf53ba2fe3c93374a89657a0aa676f78,
        type: 3}
      propertyPath: m_Layer
      value: 8
      objectReference: {fileID: 0}
    - target: {fileID: 7579085707282854508, guid: cf53ba2fe3c93374a89657a0aa676f78,
        type: 3}
      propertyPath: m_Layer
      value: 8
      objectReference: {fileID: 0}
    - target: {fileID: 7579092465142966140, guid: cf53ba2fe3c93374a89657a0aa676f78,
        type: 3}
      propertyPath: m_Layer
      value: 8
      objectReference: {fileID: 0}
    - target: {fileID: 7579093897295952280, guid: cf53ba2fe3c93374a89657a0aa676f78,
        type: 3}
      propertyPath: m_Layer
      value: 8
      objectReference: {fileID: 0}
    - target: {fileID: 7579106785092468102, guid: cf53ba2fe3c93374a89657a0aa676f78,
        type: 3}
      propertyPath: m_Layer
      value: 8
      objectReference: {fileID: 0}
    - target: {fileID: 7579108208206642966, guid: cf53ba2fe3c93374a89657a0aa676f78,
        type: 3}
      propertyPath: m_Layer
      value: 8
      objectReference: {fileID: 0}
    - target: {fileID: 7579112674477885814, guid: cf53ba2fe3c93374a89657a0aa676f78,
        type: 3}
      propertyPath: m_Layer
      value: 8
      objectReference: {fileID: 0}
    - target: {fileID: 7579116811884816288, guid: cf53ba2fe3c93374a89657a0aa676f78,
        type: 3}
      propertyPath: m_Layer
      value: 8
      objectReference: {fileID: 0}
    - target: {fileID: 7579121348475766578, guid: cf53ba2fe3c93374a89657a0aa676f78,
        type: 3}
      propertyPath: m_Layer
      value: 8
      objectReference: {fileID: 0}
    - target: {fileID: 7579123114742881442, guid: cf53ba2fe3c93374a89657a0aa676f78,
        type: 3}
      propertyPath: m_Layer
      value: 8
      objectReference: {fileID: 0}
    - target: {fileID: 7579124980530328670, guid: cf53ba2fe3c93374a89657a0aa676f78,
        type: 3}
      propertyPath: m_Layer
      value: 8
      objectReference: {fileID: 0}
    - target: {fileID: 7579131911937527834, guid: cf53ba2fe3c93374a89657a0aa676f78,
        type: 3}
      propertyPath: m_Layer
      value: 8
      objectReference: {fileID: 0}
    - target: {fileID: 7579151559415836932, guid: cf53ba2fe3c93374a89657a0aa676f78,
        type: 3}
      propertyPath: m_Layer
      value: 8
      objectReference: {fileID: 0}
    - target: {fileID: 7579185243893318912, guid: cf53ba2fe3c93374a89657a0aa676f78,
        type: 3}
      propertyPath: m_Layer
      value: 8
      objectReference: {fileID: 0}
    - target: {fileID: 7579186956466198022, guid: cf53ba2fe3c93374a89657a0aa676f78,
        type: 3}
      propertyPath: m_Layer
      value: 8
      objectReference: {fileID: 0}
    - target: {fileID: 7579212313989602460, guid: cf53ba2fe3c93374a89657a0aa676f78,
        type: 3}
      propertyPath: m_Layer
      value: 8
      objectReference: {fileID: 0}
    - target: {fileID: 7579216974146748100, guid: cf53ba2fe3c93374a89657a0aa676f78,
        type: 3}
      propertyPath: m_Layer
      value: 8
      objectReference: {fileID: 0}
    - target: {fileID: 7579248961802027384, guid: cf53ba2fe3c93374a89657a0aa676f78,
        type: 3}
      propertyPath: m_Layer
      value: 8
      objectReference: {fileID: 0}
    - target: {fileID: 7579270511239993950, guid: cf53ba2fe3c93374a89657a0aa676f78,
        type: 3}
      propertyPath: m_Layer
      value: 8
      objectReference: {fileID: 0}
    - target: {fileID: 7579314748277042624, guid: cf53ba2fe3c93374a89657a0aa676f78,
        type: 3}
      propertyPath: m_Layer
      value: 8
      objectReference: {fileID: 0}
    - target: {fileID: 7579333294230243540, guid: cf53ba2fe3c93374a89657a0aa676f78,
        type: 3}
      propertyPath: m_Layer
      value: 8
      objectReference: {fileID: 0}
    - target: {fileID: 7579339620064489428, guid: cf53ba2fe3c93374a89657a0aa676f78,
        type: 3}
      propertyPath: m_Layer
      value: 8
      objectReference: {fileID: 0}
    - target: {fileID: 7579339821495288756, guid: cf53ba2fe3c93374a89657a0aa676f78,
        type: 3}
      propertyPath: m_Layer
      value: 8
      objectReference: {fileID: 0}
    - target: {fileID: 7579346243468943968, guid: cf53ba2fe3c93374a89657a0aa676f78,
        type: 3}
      propertyPath: m_Layer
      value: 8
      objectReference: {fileID: 0}
    - target: {fileID: 7579361342740073958, guid: cf53ba2fe3c93374a89657a0aa676f78,
        type: 3}
      propertyPath: m_Layer
      value: 8
      objectReference: {fileID: 0}
    - target: {fileID: 7579372100066762570, guid: cf53ba2fe3c93374a89657a0aa676f78,
        type: 3}
      propertyPath: m_Layer
      value: 8
      objectReference: {fileID: 0}
    - target: {fileID: 7579373964689054802, guid: cf53ba2fe3c93374a89657a0aa676f78,
        type: 3}
      propertyPath: m_Layer
      value: 8
      objectReference: {fileID: 0}
    - target: {fileID: 7579376038650228790, guid: cf53ba2fe3c93374a89657a0aa676f78,
        type: 3}
      propertyPath: m_Layer
      value: 8
      objectReference: {fileID: 0}
    - target: {fileID: 7579378958769061200, guid: cf53ba2fe3c93374a89657a0aa676f78,
        type: 3}
      propertyPath: m_Layer
      value: 8
      objectReference: {fileID: 0}
    - target: {fileID: 7579379651539441638, guid: cf53ba2fe3c93374a89657a0aa676f78,
        type: 3}
      propertyPath: m_Layer
      value: 8
      objectReference: {fileID: 0}
    - target: {fileID: 7579396874365311664, guid: cf53ba2fe3c93374a89657a0aa676f78,
        type: 3}
      propertyPath: m_Layer
      value: 8
      objectReference: {fileID: 0}
    - target: {fileID: 7579428734716631602, guid: cf53ba2fe3c93374a89657a0aa676f78,
        type: 3}
      propertyPath: m_Layer
      value: 8
      objectReference: {fileID: 0}
    - target: {fileID: 7579430719443436358, guid: cf53ba2fe3c93374a89657a0aa676f78,
        type: 3}
      propertyPath: m_Layer
      value: 8
      objectReference: {fileID: 0}
    - target: {fileID: 7579434353051909560, guid: cf53ba2fe3c93374a89657a0aa676f78,
        type: 3}
      propertyPath: m_Layer
      value: 8
      objectReference: {fileID: 0}
    - target: {fileID: 7579454188537028950, guid: cf53ba2fe3c93374a89657a0aa676f78,
        type: 3}
      propertyPath: m_Layer
      value: 8
      objectReference: {fileID: 0}
    - target: {fileID: 7579461315517552638, guid: cf53ba2fe3c93374a89657a0aa676f78,
        type: 3}
      propertyPath: m_Layer
      value: 8
      objectReference: {fileID: 0}
    - target: {fileID: 7579466982989645792, guid: cf53ba2fe3c93374a89657a0aa676f78,
        type: 3}
      propertyPath: m_Layer
      value: 8
      objectReference: {fileID: 0}
    - target: {fileID: 7579469967190164940, guid: cf53ba2fe3c93374a89657a0aa676f78,
        type: 3}
      propertyPath: m_Layer
      value: 8
      objectReference: {fileID: 0}
    - target: {fileID: 7579481421027094114, guid: cf53ba2fe3c93374a89657a0aa676f78,
        type: 3}
      propertyPath: m_Layer
      value: 8
      objectReference: {fileID: 0}
    - target: {fileID: 7579501501118623848, guid: cf53ba2fe3c93374a89657a0aa676f78,
        type: 3}
      propertyPath: m_Layer
      value: 8
      objectReference: {fileID: 0}
    - target: {fileID: 7579501736598346336, guid: cf53ba2fe3c93374a89657a0aa676f78,
        type: 3}
      propertyPath: m_Layer
      value: 8
      objectReference: {fileID: 0}
    - target: {fileID: 7579511551758079864, guid: cf53ba2fe3c93374a89657a0aa676f78,
        type: 3}
      propertyPath: m_Layer
      value: 8
      objectReference: {fileID: 0}
    - target: {fileID: 7579524403836391556, guid: cf53ba2fe3c93374a89657a0aa676f78,
        type: 3}
      propertyPath: m_Layer
      value: 8
      objectReference: {fileID: 0}
    - target: {fileID: 7579542022025098818, guid: cf53ba2fe3c93374a89657a0aa676f78,
        type: 3}
      propertyPath: m_Layer
      value: 8
      objectReference: {fileID: 0}
    - target: {fileID: 7579544111518053258, guid: cf53ba2fe3c93374a89657a0aa676f78,
        type: 3}
      propertyPath: m_Layer
      value: 8
      objectReference: {fileID: 0}
    - target: {fileID: 7579552990660555896, guid: cf53ba2fe3c93374a89657a0aa676f78,
        type: 3}
      propertyPath: m_Layer
      value: 8
      objectReference: {fileID: 0}
    - target: {fileID: 7579557307950020462, guid: cf53ba2fe3c93374a89657a0aa676f78,
        type: 3}
      propertyPath: m_Layer
      value: 8
      objectReference: {fileID: 0}
    m_RemovedComponents: []
  m_SourcePrefab: {fileID: 100100000, guid: cf53ba2fe3c93374a89657a0aa676f78, type: 3}
--- !u!4 &1750472799992219510 stripped
Transform:
  m_CorrespondingSourceObject: {fileID: 5011647155900937465, guid: cf53ba2fe3c93374a89657a0aa676f78,
    type: 3}
  m_PrefabInstance: {fileID: 6757122606288565135}
  m_PrefabAsset: {fileID: 0}
--- !u!1 &4227448171087828077 stripped
GameObject:
  m_CorrespondingSourceObject: {fileID: 7452602526354368482, guid: cf53ba2fe3c93374a89657a0aa676f78,
    type: 3}
  m_PrefabInstance: {fileID: 6757122606288565135}
  m_PrefabAsset: {fileID: 0}
--- !u!1 &3813072651989066603 stripped
GameObject:
  m_CorrespondingSourceObject: {fileID: 7578676821802602724, guid: cf53ba2fe3c93374a89657a0aa676f78,
    type: 3}
  m_PrefabInstance: {fileID: 6757122606288565135}
  m_PrefabAsset: {fileID: 0}
