%YAML 1.1
%TAG !u! tag:unity3d.com,2011:
--- !u!1 &2464585305749255076
GameObject:
  m_ObjectHideFlags: 0
  m_CorrespondingSourceObject: {fileID: 0}
  m_PrefabInstance: {fileID: 0}
  m_PrefabAsset: {fileID: 0}
  serializedVersion: 6
  m_Component:
  - component: {fileID: 2464585305749255096}
  - component: {fileID: 2464585305749255097}
  - component: {fileID: 2464585305749255098}
  - component: {fileID: 2464585305749255099}
  - component: {fileID: 2464585305749255103}
  m_Layer: 8
  m_Name: Zombie_Cell 7
  m_TagString: Untagged
  m_Icon: {fileID: 0}
  m_NavMeshLayer: 0
  m_StaticEditorFlags: 0
  m_IsActive: 1
--- !u!4 &2464585305749255096
Transform:
  m_ObjectHideFlags: 0
  m_CorrespondingSourceObject: {fileID: 0}
  m_PrefabInstance: {fileID: 0}
  m_PrefabAsset: {fileID: 0}
  m_GameObject: {fileID: 2464585305749255076}
  m_LocalRotation: {x: 0, y: 0, z: 0, w: 1}
  m_LocalPosition: {x: 0, y: -2.66, z: -4.18}
  m_LocalScale: {x: 1.1547267, y: 1.1547271, z: 1.1547267}
  m_Children:
  - {fileID: 8125406195162502691}
  m_Father: {fileID: 0}
  m_RootOrder: 0
  m_LocalEulerAnglesHint: {x: 0, y: 0, z: 0}
--- !u!33 &2464585305749255097
MeshFilter:
  m_ObjectHideFlags: 0
  m_CorrespondingSourceObject: {fileID: 0}
  m_PrefabInstance: {fileID: 0}
  m_PrefabAsset: {fileID: 0}
  m_GameObject: {fileID: 2464585305749255076}
  m_Mesh: {fileID: 10208, guid: 0000000000000000e000000000000000, type: 0}
--- !u!23 &2464585305749255098
MeshRenderer:
  m_ObjectHideFlags: 0
  m_CorrespondingSourceObject: {fileID: 0}
  m_PrefabInstance: {fileID: 0}
  m_PrefabAsset: {fileID: 0}
  m_GameObject: {fileID: 2464585305749255076}
  m_Enabled: 0
  m_CastShadows: 1
  m_ReceiveShadows: 1
  m_DynamicOccludee: 1
  m_MotionVectors: 1
  m_LightProbeUsage: 1
  m_ReflectionProbeUsage: 1
  m_RayTracingMode: 2
  m_RenderingLayerMask: 1
  m_RendererPriority: 0
  m_Materials:
  - {fileID: 10303, guid: 0000000000000000f000000000000000, type: 0}
  m_StaticBatchInfo:
    firstSubMesh: 0
    subMeshCount: 0
  m_StaticBatchRoot: {fileID: 0}
  m_ProbeAnchor: {fileID: 0}
  m_LightProbeVolumeOverride: {fileID: 0}
  m_ScaleInLightmap: 1
  m_ReceiveGI: 1
  m_PreserveUVs: 0
  m_IgnoreNormalsForChartDetection: 0
  m_ImportantGI: 0
  m_StitchLightmapSeams: 1
  m_SelectedEditorRenderState: 3
  m_MinimumChartSize: 4
  m_AutoUVMaxDistance: 0.5
  m_AutoUVMaxAngle: 89
  m_LightmapParameters: {fileID: 0}
  m_SortingLayerID: 0
  m_SortingLayer: 0
  m_SortingOrder: 0
--- !u!136 &2464585305749255099
CapsuleCollider:
  m_ObjectHideFlags: 0
  m_CorrespondingSourceObject: {fileID: 0}
  m_PrefabInstance: {fileID: 0}
  m_PrefabAsset: {fileID: 0}
  m_GameObject: {fileID: 2464585305749255076}
  m_Material: {fileID: 0}
  m_IsTrigger: 0
  m_Enabled: 1
  m_Radius: 0.5
  m_Height: 2
  m_Direction: 1
  m_Center: {x: 0, y: 0, z: 0}
--- !u!114 &2464585305749255103
MonoBehaviour:
  m_ObjectHideFlags: 0
  m_CorrespondingSourceObject: {fileID: 0}
  m_PrefabInstance: {fileID: 0}
  m_PrefabAsset: {fileID: 0}
  m_GameObject: {fileID: 2464585305749255076}
  m_Enabled: 1
  m_EditorHideFlags: 0
  m_Script: {fileID: 11500000, guid: a8a2a992e157e1843a3cb8333a61429a, type: 3}
  m_Name: 
  m_EditorClassIdentifier: 
  myPosition: {x: 0, y: 0, z: 0}
--- !u!114 &1224334615
MonoBehaviour:
  m_ObjectHideFlags: 0
  m_CorrespondingSourceObject: {fileID: 0}
  m_PrefabInstance: {fileID: 0}
  m_PrefabAsset: {fileID: 0}
  m_GameObject: {fileID: 3240329791383389271}
  m_Enabled: 1
  m_EditorHideFlags: 0
  m_Script: {fileID: 11500000, guid: 0c67e3107f8bab1449badc93761b41df, type: 3}
  m_Name: 
  m_EditorClassIdentifier: 
  anim: {fileID: 0}
--- !u!114 &540484733
MonoBehaviour:
  m_ObjectHideFlags: 0
  m_CorrespondingSourceObject: {fileID: 0}
  m_PrefabInstance: {fileID: 0}
  m_PrefabAsset: {fileID: 0}
  m_GameObject: {fileID: 5319403981228580569}
  m_Enabled: 1
  m_EditorHideFlags: 0
  m_Script: {fileID: 11500000, guid: cabc2603ba8f0034984c2dc3fd53ac5a, type: 3}
  m_Name: 
  m_EditorClassIdentifier: 
--- !u!1001 &3841517066938557146
PrefabInstance:
  m_ObjectHideFlags: 0
  serializedVersion: 2
  m_Modification:
    m_TransformParent: {fileID: 2464585305749255096}
    m_Modifications:
    - target: {fileID: 1613769705946463769, guid: 91d1d649f9336494a8370edecbf7042a,
        type: 3}
      propertyPath: m_Name
      value: Jacket_Male
      objectReference: {fileID: 0}
    - target: {fileID: 1613769705946463769, guid: 91d1d649f9336494a8370edecbf7042a,
        type: 3}
      propertyPath: m_Layer
      value: 8
      objectReference: {fileID: 0}
    - target: {fileID: 1853231334851067689, guid: 91d1d649f9336494a8370edecbf7042a,
        type: 3}
      propertyPath: m_Layer
      value: 8
      objectReference: {fileID: 0}
    - target: {fileID: 1853236920772674679, guid: 91d1d649f9336494a8370edecbf7042a,
        type: 3}
      propertyPath: m_Layer
      value: 8
      objectReference: {fileID: 0}
    - target: {fileID: 1853251642672666467, guid: 91d1d649f9336494a8370edecbf7042a,
        type: 3}
      propertyPath: m_Layer
      value: 8
      objectReference: {fileID: 0}
    - target: {fileID: 1853279898553638879, guid: 91d1d649f9336494a8370edecbf7042a,
        type: 3}
      propertyPath: m_Layer
      value: 8
      objectReference: {fileID: 0}
    - target: {fileID: 1853282194648040529, guid: 91d1d649f9336494a8370edecbf7042a,
        type: 3}
      propertyPath: m_Layer
      value: 8
      objectReference: {fileID: 0}
    - target: {fileID: 1853291859827866187, guid: 91d1d649f9336494a8370edecbf7042a,
        type: 3}
      propertyPath: m_Layer
      value: 8
      objectReference: {fileID: 0}
    - target: {fileID: 1853294664941889165, guid: 91d1d649f9336494a8370edecbf7042a,
        type: 3}
      propertyPath: m_Layer
      value: 8
      objectReference: {fileID: 0}
    - target: {fileID: 1853319186636355873, guid: 91d1d649f9336494a8370edecbf7042a,
        type: 3}
      propertyPath: m_Layer
      value: 8
      objectReference: {fileID: 0}
    - target: {fileID: 1853339791948525271, guid: 91d1d649f9336494a8370edecbf7042a,
        type: 3}
      propertyPath: m_Layer
      value: 8
      objectReference: {fileID: 0}
    - target: {fileID: 1853373436203385423, guid: 91d1d649f9336494a8370edecbf7042a,
        type: 3}
      propertyPath: m_Layer
      value: 8
      objectReference: {fileID: 0}
    - target: {fileID: 1853374966735054165, guid: 91d1d649f9336494a8370edecbf7042a,
        type: 3}
      propertyPath: m_Layer
      value: 8
      objectReference: {fileID: 0}
    - target: {fileID: 1853377011440363481, guid: 91d1d649f9336494a8370edecbf7042a,
        type: 3}
      propertyPath: m_Layer
      value: 8
      objectReference: {fileID: 0}
    - target: {fileID: 1853378023749547083, guid: 91d1d649f9336494a8370edecbf7042a,
        type: 3}
      propertyPath: m_Layer
      value: 8
      objectReference: {fileID: 0}
    - target: {fileID: 1853391374388728855, guid: 91d1d649f9336494a8370edecbf7042a,
        type: 3}
      propertyPath: m_Layer
      value: 8
      objectReference: {fileID: 0}
    - target: {fileID: 1853398562061150073, guid: 91d1d649f9336494a8370edecbf7042a,
        type: 3}
      propertyPath: m_Layer
      value: 8
      objectReference: {fileID: 0}
    - target: {fileID: 1853409939942480717, guid: 91d1d649f9336494a8370edecbf7042a,
        type: 3}
      propertyPath: m_Layer
      value: 8
      objectReference: {fileID: 0}
    - target: {fileID: 1853411701333906875, guid: 91d1d649f9336494a8370edecbf7042a,
        type: 3}
      propertyPath: m_Layer
      value: 8
      objectReference: {fileID: 0}
    - target: {fileID: 1853411776023978117, guid: 91d1d649f9336494a8370edecbf7042a,
        type: 3}
      propertyPath: m_Layer
      value: 8
      objectReference: {fileID: 0}
    - target: {fileID: 1853428603829684885, guid: 91d1d649f9336494a8370edecbf7042a,
        type: 3}
      propertyPath: m_Layer
      value: 8
      objectReference: {fileID: 0}
    - target: {fileID: 1853429995045683143, guid: 91d1d649f9336494a8370edecbf7042a,
        type: 3}
      propertyPath: m_Layer
      value: 8
      objectReference: {fileID: 0}
    - target: {fileID: 1853431781914928743, guid: 91d1d649f9336494a8370edecbf7042a,
        type: 3}
      propertyPath: m_Layer
      value: 8
      objectReference: {fileID: 0}
    - target: {fileID: 1853436230665055541, guid: 91d1d649f9336494a8370edecbf7042a,
        type: 3}
      propertyPath: m_Layer
      value: 8
      objectReference: {fileID: 0}
    - target: {fileID: 1853439827577371689, guid: 91d1d649f9336494a8370edecbf7042a,
        type: 3}
      propertyPath: m_Layer
      value: 8
      objectReference: {fileID: 0}
    - target: {fileID: 1853443820877697695, guid: 91d1d649f9336494a8370edecbf7042a,
        type: 3}
      propertyPath: m_Layer
      value: 8
      objectReference: {fileID: 0}
    - target: {fileID: 1853446485559570869, guid: 91d1d649f9336494a8370edecbf7042a,
        type: 3}
      propertyPath: m_Layer
      value: 8
      objectReference: {fileID: 0}
    - target: {fileID: 1853483753320953843, guid: 91d1d649f9336494a8370edecbf7042a,
        type: 3}
      propertyPath: m_Layer
      value: 8
      objectReference: {fileID: 0}
    - target: {fileID: 1853485585858568185, guid: 91d1d649f9336494a8370edecbf7042a,
        type: 3}
      propertyPath: m_Layer
      value: 8
      objectReference: {fileID: 0}
    - target: {fileID: 1853503824658547225, guid: 91d1d649f9336494a8370edecbf7042a,
        type: 3}
      propertyPath: m_Layer
      value: 8
      objectReference: {fileID: 0}
    - target: {fileID: 1853527001271861533, guid: 91d1d649f9336494a8370edecbf7042a,
        type: 3}
      propertyPath: m_Layer
      value: 8
      objectReference: {fileID: 0}
    - target: {fileID: 1853527771435721709, guid: 91d1d649f9336494a8370edecbf7042a,
        type: 3}
      propertyPath: m_Layer
      value: 8
      objectReference: {fileID: 0}
    - target: {fileID: 1853548921148744061, guid: 91d1d649f9336494a8370edecbf7042a,
        type: 3}
      propertyPath: m_Layer
      value: 8
      objectReference: {fileID: 0}
    - target: {fileID: 1853550730380891249, guid: 91d1d649f9336494a8370edecbf7042a,
        type: 3}
      propertyPath: m_Layer
      value: 8
      objectReference: {fileID: 0}
    - target: {fileID: 1853551117448636245, guid: 91d1d649f9336494a8370edecbf7042a,
        type: 3}
      propertyPath: m_Layer
      value: 8
      objectReference: {fileID: 0}
    - target: {fileID: 1853560335460934263, guid: 91d1d649f9336494a8370edecbf7042a,
        type: 3}
      propertyPath: m_Layer
      value: 8
      objectReference: {fileID: 0}
    - target: {fileID: 1853577980710583971, guid: 91d1d649f9336494a8370edecbf7042a,
        type: 3}
      propertyPath: m_Layer
      value: 8
      objectReference: {fileID: 0}
    - target: {fileID: 1853588935838148545, guid: 91d1d649f9336494a8370edecbf7042a,
        type: 3}
      propertyPath: m_Layer
      value: 8
      objectReference: {fileID: 0}
    - target: {fileID: 1853604650940258029, guid: 91d1d649f9336494a8370edecbf7042a,
        type: 3}
      propertyPath: m_Layer
      value: 8
      objectReference: {fileID: 0}
    - target: {fileID: 1853613279918870357, guid: 91d1d649f9336494a8370edecbf7042a,
        type: 3}
      propertyPath: m_Layer
      value: 8
      objectReference: {fileID: 0}
    - target: {fileID: 1853624244808225373, guid: 91d1d649f9336494a8370edecbf7042a,
        type: 3}
      propertyPath: m_Layer
      value: 8
      objectReference: {fileID: 0}
    - target: {fileID: 1853628439040600221, guid: 91d1d649f9336494a8370edecbf7042a,
        type: 3}
      propertyPath: m_Layer
      value: 8
      objectReference: {fileID: 0}
    - target: {fileID: 1853647239381578819, guid: 91d1d649f9336494a8370edecbf7042a,
        type: 3}
      propertyPath: m_Layer
      value: 8
      objectReference: {fileID: 0}
    - target: {fileID: 1853652777098064745, guid: 91d1d649f9336494a8370edecbf7042a,
        type: 3}
      propertyPath: m_Layer
      value: 8
      objectReference: {fileID: 0}
    - target: {fileID: 1853664259234979543, guid: 91d1d649f9336494a8370edecbf7042a,
        type: 3}
      propertyPath: m_Layer
      value: 8
      objectReference: {fileID: 0}
    - target: {fileID: 1853682392057585137, guid: 91d1d649f9336494a8370edecbf7042a,
        type: 3}
      propertyPath: m_Layer
      value: 8
      objectReference: {fileID: 0}
    - target: {fileID: 1853687268767996851, guid: 91d1d649f9336494a8370edecbf7042a,
        type: 3}
      propertyPath: m_Layer
      value: 8
      objectReference: {fileID: 0}
    - target: {fileID: 1853698414685835457, guid: 91d1d649f9336494a8370edecbf7042a,
        type: 3}
      propertyPath: m_Layer
      value: 8
      objectReference: {fileID: 0}
    - target: {fileID: 1853702472805195919, guid: 91d1d649f9336494a8370edecbf7042a,
        type: 3}
      propertyPath: m_Layer
      value: 8
      objectReference: {fileID: 0}
    - target: {fileID: 1853708782560453885, guid: 91d1d649f9336494a8370edecbf7042a,
        type: 3}
      propertyPath: m_Layer
      value: 8
      objectReference: {fileID: 0}
    - target: {fileID: 1853711676105013353, guid: 91d1d649f9336494a8370edecbf7042a,
        type: 3}
      propertyPath: m_Layer
      value: 8
      objectReference: {fileID: 0}
    - target: {fileID: 1853717936306414431, guid: 91d1d649f9336494a8370edecbf7042a,
        type: 3}
      propertyPath: m_Layer
      value: 8
      objectReference: {fileID: 0}
    - target: {fileID: 1853726220238745351, guid: 91d1d649f9336494a8370edecbf7042a,
        type: 3}
      propertyPath: m_Layer
      value: 8
      objectReference: {fileID: 0}
    - target: {fileID: 1853730231912673029, guid: 91d1d649f9336494a8370edecbf7042a,
        type: 3}
      propertyPath: m_Layer
      value: 8
      objectReference: {fileID: 0}
    - target: {fileID: 1853741366945906287, guid: 91d1d649f9336494a8370edecbf7042a,
        type: 3}
      propertyPath: m_Layer
      value: 8
      objectReference: {fileID: 0}
    - target: {fileID: 1853744635197582219, guid: 91d1d649f9336494a8370edecbf7042a,
        type: 3}
      propertyPath: m_Layer
      value: 8
      objectReference: {fileID: 0}
    - target: {fileID: 1853747452286249505, guid: 91d1d649f9336494a8370edecbf7042a,
        type: 3}
      propertyPath: m_Layer
      value: 8
      objectReference: {fileID: 0}
    - target: {fileID: 1853748439139615973, guid: 91d1d649f9336494a8370edecbf7042a,
        type: 3}
      propertyPath: m_Layer
      value: 8
      objectReference: {fileID: 0}
    - target: {fileID: 1853755540252581197, guid: 91d1d649f9336494a8370edecbf7042a,
        type: 3}
      propertyPath: m_Layer
      value: 8
      objectReference: {fileID: 0}
    - target: {fileID: 1853760819199890293, guid: 91d1d649f9336494a8370edecbf7042a,
        type: 3}
      propertyPath: m_Layer
      value: 8
      objectReference: {fileID: 0}
    - target: {fileID: 1853761884474712753, guid: 91d1d649f9336494a8370edecbf7042a,
        type: 3}
      propertyPath: m_Layer
      value: 8
      objectReference: {fileID: 0}
    - target: {fileID: 1853777673527833581, guid: 91d1d649f9336494a8370edecbf7042a,
        type: 3}
      propertyPath: m_Layer
      value: 8
      objectReference: {fileID: 0}
    - target: {fileID: 1853780329576448093, guid: 91d1d649f9336494a8370edecbf7042a,
        type: 3}
      propertyPath: m_Layer
      value: 8
      objectReference: {fileID: 0}
    - target: {fileID: 1853784217716027589, guid: 91d1d649f9336494a8370edecbf7042a,
        type: 3}
      propertyPath: m_Layer
      value: 8
      objectReference: {fileID: 0}
    - target: {fileID: 1853785292632499833, guid: 91d1d649f9336494a8370edecbf7042a,
        type: 3}
      propertyPath: m_Layer
      value: 8
      objectReference: {fileID: 0}
    - target: {fileID: 1853869783186417229, guid: 91d1d649f9336494a8370edecbf7042a,
        type: 3}
      propertyPath: m_Layer
      value: 8
      objectReference: {fileID: 0}
    - target: {fileID: 1853889931994483877, guid: 91d1d649f9336494a8370edecbf7042a,
        type: 3}
      propertyPath: m_Layer
      value: 8
      objectReference: {fileID: 0}
    - target: {fileID: 1854082766314527375, guid: 91d1d649f9336494a8370edecbf7042a,
        type: 3}
      propertyPath: m_Layer
      value: 8
      objectReference: {fileID: 0}
    - target: {fileID: 1854097180015578843, guid: 91d1d649f9336494a8370edecbf7042a,
        type: 3}
      propertyPath: m_Layer
      value: 8
      objectReference: {fileID: 0}
    - target: {fileID: 1854109521347709277, guid: 91d1d649f9336494a8370edecbf7042a,
        type: 3}
      propertyPath: m_Layer
      value: 8
      objectReference: {fileID: 0}
    - target: {fileID: 1854112008089982119, guid: 91d1d649f9336494a8370edecbf7042a,
        type: 3}
      propertyPath: m_Layer
      value: 8
      objectReference: {fileID: 0}
    - target: {fileID: 1854115386093983757, guid: 91d1d649f9336494a8370edecbf7042a,
        type: 3}
      propertyPath: m_Layer
      value: 8
      objectReference: {fileID: 0}
    - target: {fileID: 1854138554885638905, guid: 91d1d649f9336494a8370edecbf7042a,
        type: 3}
      propertyPath: m_Layer
      value: 8
      objectReference: {fileID: 0}
    - target: {fileID: 1854167584589002749, guid: 91d1d649f9336494a8370edecbf7042a,
        type: 3}
      propertyPath: m_Layer
      value: 8
      objectReference: {fileID: 0}
    - target: {fileID: 1854176584454658903, guid: 91d1d649f9336494a8370edecbf7042a,
        type: 3}
      propertyPath: m_Layer
      value: 8
      objectReference: {fileID: 0}
    - target: {fileID: 1854177973666539409, guid: 91d1d649f9336494a8370edecbf7042a,
        type: 3}
      propertyPath: m_Layer
      value: 8
      objectReference: {fileID: 0}
    - target: {fileID: 1854184036674786773, guid: 91d1d649f9336494a8370edecbf7042a,
        type: 3}
      propertyPath: m_Layer
      value: 8
      objectReference: {fileID: 0}
    - target: {fileID: 1854195727973702913, guid: 91d1d649f9336494a8370edecbf7042a,
        type: 3}
      propertyPath: m_Layer
      value: 8
      objectReference: {fileID: 0}
    - target: {fileID: 1854205026302068397, guid: 91d1d649f9336494a8370edecbf7042a,
        type: 3}
      propertyPath: m_Layer
      value: 8
      objectReference: {fileID: 0}
    - target: {fileID: 1854231838145238793, guid: 91d1d649f9336494a8370edecbf7042a,
        type: 3}
      propertyPath: m_Layer
      value: 8
      objectReference: {fileID: 0}
    - target: {fileID: 1854241166797924059, guid: 91d1d649f9336494a8370edecbf7042a,
        type: 3}
      propertyPath: m_Layer
      value: 8
      objectReference: {fileID: 0}
    - target: {fileID: 1854242660023139827, guid: 91d1d649f9336494a8370edecbf7042a,
        type: 3}
      propertyPath: m_Layer
      value: 8
      objectReference: {fileID: 0}
    - target: {fileID: 1854254227010216243, guid: 91d1d649f9336494a8370edecbf7042a,
        type: 3}
      propertyPath: m_Layer
      value: 8
      objectReference: {fileID: 0}
    - target: {fileID: 1854308986484155217, guid: 91d1d649f9336494a8370edecbf7042a,
        type: 3}
      propertyPath: m_Layer
      value: 8
      objectReference: {fileID: 0}
    - target: {fileID: 1854311322135862415, guid: 91d1d649f9336494a8370edecbf7042a,
        type: 3}
      propertyPath: m_Layer
      value: 8
      objectReference: {fileID: 0}
    - target: {fileID: 1854332241930474845, guid: 91d1d649f9336494a8370edecbf7042a,
        type: 3}
      propertyPath: m_Layer
      value: 8
      objectReference: {fileID: 0}
    - target: {fileID: 1854345277825886259, guid: 91d1d649f9336494a8370edecbf7042a,
        type: 3}
      propertyPath: m_Layer
      value: 8
      objectReference: {fileID: 0}
    - target: {fileID: 1854350528090491931, guid: 91d1d649f9336494a8370edecbf7042a,
        type: 3}
      propertyPath: m_Layer
      value: 8
      objectReference: {fileID: 0}
    - target: {fileID: 1855073792140263697, guid: 91d1d649f9336494a8370edecbf7042a,
        type: 3}
      propertyPath: m_Layer
      value: 8
      objectReference: {fileID: 0}
    - target: {fileID: 1855079590846871493, guid: 91d1d649f9336494a8370edecbf7042a,
        type: 3}
      propertyPath: m_Layer
      value: 8
      objectReference: {fileID: 0}
    - target: {fileID: 1855079930315931869, guid: 91d1d649f9336494a8370edecbf7042a,
        type: 3}
      propertyPath: m_Layer
      value: 8
      objectReference: {fileID: 0}
    - target: {fileID: 1855083640995171495, guid: 91d1d649f9336494a8370edecbf7042a,
        type: 3}
      propertyPath: m_Layer
      value: 8
      objectReference: {fileID: 0}
    - target: {fileID: 1855085517004454363, guid: 91d1d649f9336494a8370edecbf7042a,
        type: 3}
      propertyPath: m_Layer
      value: 8
      objectReference: {fileID: 0}
    - target: {fileID: 1855088509229572457, guid: 91d1d649f9336494a8370edecbf7042a,
        type: 3}
      propertyPath: m_Layer
      value: 8
      objectReference: {fileID: 0}
    - target: {fileID: 1855104908152705057, guid: 91d1d649f9336494a8370edecbf7042a,
        type: 3}
      propertyPath: m_Layer
      value: 8
      objectReference: {fileID: 0}
    - target: {fileID: 1855120709611409243, guid: 91d1d649f9336494a8370edecbf7042a,
        type: 3}
      propertyPath: m_Layer
      value: 8
      objectReference: {fileID: 0}
    - target: {fileID: 1855124680719051241, guid: 91d1d649f9336494a8370edecbf7042a,
        type: 3}
      propertyPath: m_Layer
      value: 8
      objectReference: {fileID: 0}
    - target: {fileID: 1855128403274576873, guid: 91d1d649f9336494a8370edecbf7042a,
        type: 3}
      propertyPath: m_Layer
      value: 8
      objectReference: {fileID: 0}
    - target: {fileID: 1855153641709088359, guid: 91d1d649f9336494a8370edecbf7042a,
        type: 3}
      propertyPath: m_Layer
      value: 8
      objectReference: {fileID: 0}
    - target: {fileID: 1855157467398967409, guid: 91d1d649f9336494a8370edecbf7042a,
        type: 3}
      propertyPath: m_Layer
      value: 8
      objectReference: {fileID: 0}
    - target: {fileID: 1855164802156773807, guid: 91d1d649f9336494a8370edecbf7042a,
        type: 3}
      propertyPath: m_Layer
      value: 8
      objectReference: {fileID: 0}
    - target: {fileID: 1855190264998149439, guid: 91d1d649f9336494a8370edecbf7042a,
        type: 3}
      propertyPath: m_Layer
      value: 8
      objectReference: {fileID: 0}
    - target: {fileID: 1855201248339956015, guid: 91d1d649f9336494a8370edecbf7042a,
        type: 3}
      propertyPath: m_Layer
      value: 8
      objectReference: {fileID: 0}
    - target: {fileID: 5011647155900937465, guid: 91d1d649f9336494a8370edecbf7042a,
        type: 3}
      propertyPath: m_LocalPosition.x
      value: 0
      objectReference: {fileID: 0}
    - target: {fileID: 5011647155900937465, guid: 91d1d649f9336494a8370edecbf7042a,
        type: 3}
      propertyPath: m_LocalPosition.y
      value: 0
      objectReference: {fileID: 0}
    - target: {fileID: 5011647155900937465, guid: 91d1d649f9336494a8370edecbf7042a,
        type: 3}
      propertyPath: m_LocalPosition.z
      value: 0
      objectReference: {fileID: 0}
    - target: {fileID: 5011647155900937465, guid: 91d1d649f9336494a8370edecbf7042a,
        type: 3}
      propertyPath: m_LocalRotation.x
      value: 0
      objectReference: {fileID: 0}
    - target: {fileID: 5011647155900937465, guid: 91d1d649f9336494a8370edecbf7042a,
        type: 3}
      propertyPath: m_LocalRotation.y
      value: 0
      objectReference: {fileID: 0}
    - target: {fileID: 5011647155900937465, guid: 91d1d649f9336494a8370edecbf7042a,
        type: 3}
      propertyPath: m_LocalRotation.z
      value: 0
      objectReference: {fileID: 0}
    - target: {fileID: 5011647155900937465, guid: 91d1d649f9336494a8370edecbf7042a,
        type: 3}
      propertyPath: m_LocalRotation.w
      value: 1
      objectReference: {fileID: 0}
    - target: {fileID: 5011647155900937465, guid: 91d1d649f9336494a8370edecbf7042a,
        type: 3}
      propertyPath: m_RootOrder
      value: 0
      objectReference: {fileID: 0}
    - target: {fileID: 5011647155900937465, guid: 91d1d649f9336494a8370edecbf7042a,
        type: 3}
      propertyPath: m_LocalEulerAnglesHint.x
      value: 0
      objectReference: {fileID: 0}
    - target: {fileID: 5011647155900937465, guid: 91d1d649f9336494a8370edecbf7042a,
        type: 3}
      propertyPath: m_LocalEulerAnglesHint.y
      value: 0
      objectReference: {fileID: 0}
    - target: {fileID: 5011647155900937465, guid: 91d1d649f9336494a8370edecbf7042a,
        type: 3}
      propertyPath: m_LocalEulerAnglesHint.z
      value: 0
      objectReference: {fileID: 0}
    - target: {fileID: 8979507880449779079, guid: 91d1d649f9336494a8370edecbf7042a,
        type: 3}
      propertyPath: m_ApplyRootMotion
      value: 1
      objectReference: {fileID: 0}
    - target: {fileID: 8979507880458767011, guid: 91d1d649f9336494a8370edecbf7042a,
        type: 3}
      propertyPath: m_LocalRotation.y
      value: -1
      objectReference: {fileID: 0}
    - target: {fileID: 8979507880458767011, guid: 91d1d649f9336494a8370edecbf7042a,
        type: 3}
      propertyPath: m_LocalRotation.w
      value: 0
      objectReference: {fileID: 0}
    - target: {fileID: 8979507880458767011, guid: 91d1d649f9336494a8370edecbf7042a,
        type: 3}
      propertyPath: m_LocalEulerAnglesHint.y
      value: -180
      objectReference: {fileID: 0}
    - target: {fileID: 8979507880458978765, guid: 91d1d649f9336494a8370edecbf7042a,
        type: 3}
      propertyPath: m_Layer
      value: 8
      objectReference: {fileID: 0}
    - target: {fileID: 8979507880458978947, guid: 91d1d649f9336494a8370edecbf7042a,
        type: 3}
      propertyPath: m_Layer
      value: 8
      objectReference: {fileID: 0}
    - target: {fileID: 8979507880458980143, guid: 91d1d649f9336494a8370edecbf7042a,
        type: 3}
      propertyPath: m_Layer
      value: 8
      objectReference: {fileID: 0}
    - target: {fileID: 8979507880458980587, guid: 91d1d649f9336494a8370edecbf7042a,
        type: 3}
      propertyPath: m_Layer
      value: 8
      objectReference: {fileID: 0}
    - target: {fileID: 8979507880458980831, guid: 91d1d649f9336494a8370edecbf7042a,
        type: 3}
      propertyPath: m_Layer
      value: 8
      objectReference: {fileID: 0}
    - target: {fileID: 8979507880458982249, guid: 91d1d649f9336494a8370edecbf7042a,
        type: 3}
      propertyPath: m_Layer
      value: 8
      objectReference: {fileID: 0}
    - target: {fileID: 8979507880458982501, guid: 91d1d649f9336494a8370edecbf7042a,
        type: 3}
      propertyPath: m_Layer
      value: 8
      objectReference: {fileID: 0}
    - target: {fileID: 8979507880458984717, guid: 91d1d649f9336494a8370edecbf7042a,
        type: 3}
      propertyPath: m_Layer
      value: 8
      objectReference: {fileID: 0}
    - target: {fileID: 8979507880458987703, guid: 91d1d649f9336494a8370edecbf7042a,
        type: 3}
      propertyPath: m_Layer
      value: 8
      objectReference: {fileID: 0}
    - target: {fileID: 8979507880458988649, guid: 91d1d649f9336494a8370edecbf7042a,
        type: 3}
      propertyPath: m_Layer
      value: 8
      objectReference: {fileID: 0}
    - target: {fileID: 8979507880458991943, guid: 91d1d649f9336494a8370edecbf7042a,
        type: 3}
      propertyPath: m_Layer
      value: 8
      objectReference: {fileID: 0}
    - target: {fileID: 8979507880458994757, guid: 91d1d649f9336494a8370edecbf7042a,
        type: 3}
      propertyPath: m_Layer
      value: 8
      objectReference: {fileID: 0}
    - target: {fileID: 8979507880458994875, guid: 91d1d649f9336494a8370edecbf7042a,
        type: 3}
      propertyPath: m_Layer
      value: 8
      objectReference: {fileID: 0}
    - target: {fileID: 8979507880458996569, guid: 91d1d649f9336494a8370edecbf7042a,
        type: 3}
      propertyPath: m_Layer
      value: 8
      objectReference: {fileID: 0}
    - target: {fileID: 8979507880459000083, guid: 91d1d649f9336494a8370edecbf7042a,
        type: 3}
      propertyPath: m_Layer
      value: 8
      objectReference: {fileID: 0}
    - target: {fileID: 8979507880459000123, guid: 91d1d649f9336494a8370edecbf7042a,
        type: 3}
      propertyPath: m_Layer
      value: 8
      objectReference: {fileID: 0}
    - target: {fileID: 8979507880459001719, guid: 91d1d649f9336494a8370edecbf7042a,
        type: 3}
      propertyPath: m_Layer
      value: 8
      objectReference: {fileID: 0}
    - target: {fileID: 8979507880459004413, guid: 91d1d649f9336494a8370edecbf7042a,
        type: 3}
      propertyPath: m_Layer
      value: 8
      objectReference: {fileID: 0}
    - target: {fileID: 8979507880459005033, guid: 91d1d649f9336494a8370edecbf7042a,
        type: 3}
      propertyPath: m_Layer
      value: 8
      objectReference: {fileID: 0}
    - target: {fileID: 8979507880459007853, guid: 91d1d649f9336494a8370edecbf7042a,
        type: 3}
      propertyPath: m_Layer
      value: 8
      objectReference: {fileID: 0}
    - target: {fileID: 8979507880459008337, guid: 91d1d649f9336494a8370edecbf7042a,
        type: 3}
      propertyPath: m_Layer
      value: 8
      objectReference: {fileID: 0}
    - target: {fileID: 8979507880459011843, guid: 91d1d649f9336494a8370edecbf7042a,
        type: 3}
      propertyPath: m_Layer
      value: 8
      objectReference: {fileID: 0}
    - target: {fileID: 8979507880459012097, guid: 91d1d649f9336494a8370edecbf7042a,
        type: 3}
      propertyPath: m_Layer
      value: 8
      objectReference: {fileID: 0}
    - target: {fileID: 8979507880459012157, guid: 91d1d649f9336494a8370edecbf7042a,
        type: 3}
      propertyPath: m_Layer
      value: 8
      objectReference: {fileID: 0}
    - target: {fileID: 8979507880459013483, guid: 91d1d649f9336494a8370edecbf7042a,
        type: 3}
      propertyPath: m_Layer
      value: 8
      objectReference: {fileID: 0}
    - target: {fileID: 8979507880459022197, guid: 91d1d649f9336494a8370edecbf7042a,
        type: 3}
      propertyPath: m_Layer
      value: 8
      objectReference: {fileID: 0}
    - target: {fileID: 8979507880459025411, guid: 91d1d649f9336494a8370edecbf7042a,
        type: 3}
      propertyPath: m_Layer
      value: 8
      objectReference: {fileID: 0}
    - target: {fileID: 8979507880459026067, guid: 91d1d649f9336494a8370edecbf7042a,
        type: 3}
      propertyPath: m_Layer
      value: 8
      objectReference: {fileID: 0}
    - target: {fileID: 8979507880459026269, guid: 91d1d649f9336494a8370edecbf7042a,
        type: 3}
      propertyPath: m_Layer
      value: 8
      objectReference: {fileID: 0}
    - target: {fileID: 8979507880459026377, guid: 91d1d649f9336494a8370edecbf7042a,
        type: 3}
      propertyPath: m_Layer
      value: 8
      objectReference: {fileID: 0}
    - target: {fileID: 8979507880459026581, guid: 91d1d649f9336494a8370edecbf7042a,
        type: 3}
      propertyPath: m_Layer
      value: 8
      objectReference: {fileID: 0}
    - target: {fileID: 8979507880459038479, guid: 91d1d649f9336494a8370edecbf7042a,
        type: 3}
      propertyPath: m_Layer
      value: 8
      objectReference: {fileID: 0}
    - target: {fileID: 8979507880459040015, guid: 91d1d649f9336494a8370edecbf7042a,
        type: 3}
      propertyPath: m_Layer
      value: 8
      objectReference: {fileID: 0}
    - target: {fileID: 8979507880459040307, guid: 91d1d649f9336494a8370edecbf7042a,
        type: 3}
      propertyPath: m_Layer
      value: 8
      objectReference: {fileID: 0}
    - target: {fileID: 8979507880459041171, guid: 91d1d649f9336494a8370edecbf7042a,
        type: 3}
      propertyPath: m_Layer
      value: 8
      objectReference: {fileID: 0}
    - target: {fileID: 8979507880459042235, guid: 91d1d649f9336494a8370edecbf7042a,
        type: 3}
      propertyPath: m_Layer
      value: 8
      objectReference: {fileID: 0}
    - target: {fileID: 8979507880459071591, guid: 91d1d649f9336494a8370edecbf7042a,
        type: 3}
      propertyPath: m_Layer
      value: 8
      objectReference: {fileID: 0}
    - target: {fileID: 8979507880459072409, guid: 91d1d649f9336494a8370edecbf7042a,
        type: 3}
      propertyPath: m_Layer
      value: 8
      objectReference: {fileID: 0}
    - target: {fileID: 8979507880459072849, guid: 91d1d649f9336494a8370edecbf7042a,
        type: 3}
      propertyPath: m_Layer
      value: 8
      objectReference: {fileID: 0}
    - target: {fileID: 8979507880459073717, guid: 91d1d649f9336494a8370edecbf7042a,
        type: 3}
      propertyPath: m_Layer
      value: 8
      objectReference: {fileID: 0}
    - target: {fileID: 8979507880459207665, guid: 91d1d649f9336494a8370edecbf7042a,
        type: 3}
      propertyPath: m_Layer
      value: 8
      objectReference: {fileID: 0}
    - target: {fileID: 8979507880459208583, guid: 91d1d649f9336494a8370edecbf7042a,
        type: 3}
      propertyPath: m_Layer
      value: 8
      objectReference: {fileID: 0}
    - target: {fileID: 8979507880459209719, guid: 91d1d649f9336494a8370edecbf7042a,
        type: 3}
      propertyPath: m_Layer
      value: 8
      objectReference: {fileID: 0}
    - target: {fileID: 8979507880459211767, guid: 91d1d649f9336494a8370edecbf7042a,
        type: 3}
      propertyPath: m_Layer
      value: 8
      objectReference: {fileID: 0}
    - target: {fileID: 8979507880459215511, guid: 91d1d649f9336494a8370edecbf7042a,
        type: 3}
      propertyPath: m_Layer
      value: 8
      objectReference: {fileID: 0}
    - target: {fileID: 8979507880459217127, guid: 91d1d649f9336494a8370edecbf7042a,
        type: 3}
      propertyPath: m_Layer
      value: 8
      objectReference: {fileID: 0}
    - target: {fileID: 8979507880459217261, guid: 91d1d649f9336494a8370edecbf7042a,
        type: 3}
      propertyPath: m_Layer
      value: 8
      objectReference: {fileID: 0}
    - target: {fileID: 8979507880459220675, guid: 91d1d649f9336494a8370edecbf7042a,
        type: 3}
      propertyPath: m_Layer
      value: 8
      objectReference: {fileID: 0}
    - target: {fileID: 8979507880459221463, guid: 91d1d649f9336494a8370edecbf7042a,
        type: 3}
      propertyPath: m_Layer
      value: 8
      objectReference: {fileID: 0}
    - target: {fileID: 8979507880459221985, guid: 91d1d649f9336494a8370edecbf7042a,
        type: 3}
      propertyPath: m_Layer
      value: 8
      objectReference: {fileID: 0}
    - target: {fileID: 8979507880459222531, guid: 91d1d649f9336494a8370edecbf7042a,
        type: 3}
      propertyPath: m_Layer
      value: 8
      objectReference: {fileID: 0}
    - target: {fileID: 8979507880459224133, guid: 91d1d649f9336494a8370edecbf7042a,
        type: 3}
      propertyPath: m_Layer
      value: 8
      objectReference: {fileID: 0}
    - target: {fileID: 8979507880459225671, guid: 91d1d649f9336494a8370edecbf7042a,
        type: 3}
      propertyPath: m_Layer
      value: 8
      objectReference: {fileID: 0}
    - target: {fileID: 8979507880459226861, guid: 91d1d649f9336494a8370edecbf7042a,
        type: 3}
      propertyPath: m_Layer
      value: 8
      objectReference: {fileID: 0}
    - target: {fileID: 8979507880459227537, guid: 91d1d649f9336494a8370edecbf7042a,
        type: 3}
      propertyPath: m_Layer
      value: 8
      objectReference: {fileID: 0}
    - target: {fileID: 8979507880459231459, guid: 91d1d649f9336494a8370edecbf7042a,
        type: 3}
      propertyPath: m_Layer
      value: 8
      objectReference: {fileID: 0}
    - target: {fileID: 8979507880459232233, guid: 91d1d649f9336494a8370edecbf7042a,
        type: 3}
      propertyPath: m_Layer
      value: 8
      objectReference: {fileID: 0}
    - target: {fileID: 8979507880459235309, guid: 91d1d649f9336494a8370edecbf7042a,
        type: 3}
      propertyPath: m_Layer
      value: 8
      objectReference: {fileID: 0}
    - target: {fileID: 8979507880459237591, guid: 91d1d649f9336494a8370edecbf7042a,
        type: 3}
      propertyPath: m_Layer
      value: 8
      objectReference: {fileID: 0}
    m_RemovedComponents: []
  m_SourcePrefab: {fileID: 100100000, guid: 91d1d649f9336494a8370edecbf7042a, type: 3}
--- !u!4 &8125406195162502691 stripped
Transform:
  m_CorrespondingSourceObject: {fileID: 5011647155900937465, guid: 91d1d649f9336494a8370edecbf7042a,
    type: 3}
  m_PrefabInstance: {fileID: 3841517066938557146}
  m_PrefabAsset: {fileID: 0}
--- !u!1 &5319403981228580569 stripped
GameObject:
  m_CorrespondingSourceObject: {fileID: 8979507880459025411, guid: 91d1d649f9336494a8370edecbf7042a,
    type: 3}
  m_PrefabInstance: {fileID: 3841517066938557146}
  m_PrefabAsset: {fileID: 0}
--- !u!1 &3240329791383389271 stripped
GameObject:
  m_CorrespondingSourceObject: {fileID: 1853294664941889165, guid: 91d1d649f9336494a8370edecbf7042a,
    type: 3}
  m_PrefabInstance: {fileID: 3841517066938557146}
  m_PrefabAsset: {fileID: 0}
